2840 5048
392 913 977 1043 enarrarre

21 1381 27 1392 ·
118 1305 203 1418 D·
230 1343 339 1418 Pauli
360 1347 405 1419 ad
430 1343 616 1420 Romanos
638 1349 825 1442 epistolae,
864 1375 954 1446 quae
983 1376 1055 1426 una
1076 1357 1240 1428 omnium
1316 1365 1319 1370 '

120 1463 359 1537 Paulinarum
374 1479 409 1538 et
425 1467 631 1558 gravissima
644 1480 679 1539 et
688 1468 907 1568 difficillima
922 1484 1101 1554 censetur,
1125 1473 1239 1567 expli-

118 1585 255 1654 candae
272 1583 475 1686 consilium‚
498 1607 615 1679 neque
629 1585 763 1658 nudius
777 1586 905 1659 tertius
915 1589 1006 1681 cepi,
1029 1590 1239 1684 nequ‘evero

26 1685 31 1697 ⁶
118 1702 252 1794 raptim
273 1715 487 1806 exsequutus
509 1726 598 1777 sum.
657 1701 735 1774 lmo
761 1729 874 1799 quum
902 1701 1033 1778 horum
1060 1708 1236 1780 rationem

11 1894 16 1908 ,
118 1819 325 1890 studiorum
339 1818 400 1889 vir
419 1818 599 1910 ingressus
620 1818 967 1915 animadvertissem,
1000 1845 1117 1918 neque
1131 1823 1234 1920 Kop·
1285 1816 1306 1874 f
1330 1873 1359 1916 μ

116 1943 172 2036 pii
191 1943 348 2029 librum,
377 1942 445 2036 qui
465 1957 544 2015 tum
564 1944 696 2014 summi
718 1969 738 2017 a
758 1945 936 2042 plerisque
955 1959 1051 2019 recte
1070 1949 1242 2022 aestima-1

117 2069 242 2153 batur,
277 2067 311 2136 ei
325 2089 433 2160 quam
449 2059 515 2136 hac
531 2078 644 2138 aetate
660 2067 845 2159 splendere
862 2066 931 2161 'par
945 2081 1034 2140 esset
1048 2067 1233 2142 literarum

115 2187 191 2258 luci
210 2185 296 2265 satis
317 2186 553 2281 responderet,
591 2209 709 2280 neque
730 2185 889 2258 limatius
917 2209 1011 2279 opus.
1027 2187 1100 2258 nisi
1119 2189 1165 2258 ab
1187 2212 1229 2260 eo
1345 2167 1349 2176 ⁸

117 2307 210 2377 effici
224 2321 346 2398 posse,
378 2304 442 2398 qui
459 2301 589 2392 aetate,
623 2304 772 2376 consilio
787 2319 821 2376 et
831 2323 903 2406 usu
915 2305 972 2375 vir
988 2305 1100 2399 factus
1112 2306 1231 2397 prius-

4 2419 25 2446 ‘'
115 2449 225 2518 quam
248 2421 432 2514 negotium
446 2420 668 2495 laboriosum
690 2433 726 2491 et
743 2421 887 2491 difficile
908 2423 1158 2514 aggrederetur
1173 2423 1232 2494 di·
1257 2423 1261 2434 '

114 2543 385 2636 ligentissimam
398 2515 705 2635 praeparationem
720 2531 959 2626 adhibuisset,
990 2563 1030 2611 re
1045 2565 1153 2636 quam
1171 2541 1230 2634 ju·
1318 2585 1325 2598 ·

113 2665 227 2749 venili
247 2657 376 2734 ardore
399 2661 604 2754 complexus
624 2684 722 2730 eram
743 2659 785 2728 in
802 2660 937 2729 multos
955 2681 1070 2732 annos
1090 2658 1229 2754 prolati

114 2783 340 2878 aliquantum
360 2777 532 2871 temporis
546 2780 598 2852 ab
626 2777 706 2848 aliis
736 2776 1031 2869 occupationibus
1059 2775 1166 2848 lssreri
1190 2776 1229 2848 in

111 2899 266 2992 Paulum
283 2899 445 2970 conferre
458 2897 577 2972 statui.
628 2895 687 2968 Ita'
696 2897 792 2968 duod
798 2897 885 2968 ecim
901 2879 989 2968 anni
1000 2896 1234 2990 praeterlapsi

114 3033 212 3107 sunt,
242 3017 375 3114 quibus
387 3016 497 3089 Pauli
514 3009 891 3112 epistolas-quinquies
915 3016 956 3086 in
972 3014 1102 3088 scholis
1125 3041 1228 3089 accu-

112 3149 186 3206 rate
217 3133 529 3227 enarravineque
557 3133 796 3225 spernendam
825 3143 861 3201 et
890 3155 970 3202 cum
1001 3127 1078 3224 ipso
1100 3130 1227 3216 Paulo,

113 3253 213 3342 cujus
229 3252 361 3344 scripta
377 3270 476 3322 nuuc
489 3250 639 3335 criticis,
663 3273 762 3319 nunc
778 3247 1101 3340 eregetiaissnune
1115 3245 1230 3325 histo·

112 3369 211 3455 eicis,
252 3393 350 3440 nunc
369 3369 578 3461 dogmaticis
599 3368 802 3460 rationibus
830 3347 1242 3465 adductus‘saepissime'

112 3486 340 3576 pertractavi,
372 3499 407 3556 et
429 3509 511 3556 cum
533 3482 640 3554 Pauli
661 3481 936 3578 interpretibus,
960 3469 1127 3580 *quorum
1152 3513 1227 3560 non
1317 3488 1319 3494 ’

4 3591 14 3598 ’
114 3607 228 3676 solum
245 3606 402 3698 optimos
422 3627 583 3700 quosque
596 3604 693 3695 legi,
724 3628 851 3674 verum
875 3605 981 3675 etiam
997 3603 1129 3676 multos
1145 3605 1227 3676 infi-

113 3747 188 3794 mos
223 3723 345 3814 attigi,
394 3722 675 3816 familiaritatem
714 3721 931 3793 contraxisse
964 3715 1055 3792 mihi
1091 3723 1251 3794 videor*

114 3839 254 3930 Quodsi
270 3865 372 3912 nunc
394 3837 869 3930 commentariosejusmodi
897 3840 1101 3925 confecero,
1138 3863 1228 3936 quos
1294 3859 1296 3866 ⁴

113 3959 181 4028 viri
204 3959 338 4030 eruditi
354 3983 430 4030 non
451 3959 537 4030 dico
552 3971 635 4051 post
643 3957 839 4028 'immatura
853 3971 889 4028 et
904 3957 1077 4034 subitaria
1093 3957 1227 4026 multo·

113 4101 191 4148 rum
221 4077 371 4170 scripta,
415 4075 547 4170 quibus
573 4098 672 4144 nuuc
698 4061 833 4147 Paulus
860 4075 1023 4168 undique
1051 4071 1228 4156 obruitur,

62 4261 64 4264 .
112 4196 169 4266 sed
188 4206 272 4286 post
288 4195 474 4270 doctorum
490 4192 670 4278 virorum,
703 4189 767 4284 qui
789 4190 957 4283 epistolae
979 4189 1024 4262 ad
1041 4185 1235 4265 Romanos*

1 4335 3 4378 t
112 4303 333 4386 intellectum
356 4310 573 4408 adjuverunt
593 4323 635 4382 ut
657 4306 862 4394 Koellneri,
894 4300 1038 4380 Reichii
1059 4319 1095 4377 et
1109 4305 1226 4380 Win-
