2814 5048
129 415 130 422 a
211 287 279 402 ιἰι
395 294 715 438 Λιιιιειοιι
743 327 822 399 Ao
845 327 1138 442 nouenos

97 479 101 486 ’
211 499 249 558 et
264 489 387 560 caluo
401 497 436 560 et
447 491 568 564 noes.
584 489 627 558 ad
643 491 676 560 Ιι.
689 491 721 558 1.,
759 489 941 561 Convmtet
969 491 1017 558 ita
1034 514 1093 559 vos
1109 513 1245 582 quoque
1259 495 1331 565 exi-

212 577 385 644 stimatote
413 599 467 644 υυι
496 577 691 666 turpitudini
723 585 882 660 modicos,
920 577 992 646 Deo
1021 580 1161 646 virentes
1188 580 1331 666 (vitiose

93 740 95 750 Ι
213 663 332 748 multi,
354 669 393 750 ut
411 663 548 744 licum,
568 659 794 730 transierunt:
821 684 839 728 o
863 669 970 730 oriere
988 685 1046 732 vos
1069 661 1228 730 dedecori
1242 689 1330 732 mor-

213 743 292 813 t'uos
307 771 401 830 esse,
421 747 497 814 Deo
510 750 636 830 virere)
649 747 769 816 Christi
782 749 815 815 J.
848 743 991 830 coetero.
1006 791 1014 828 ς
1039 750 1226 836 Acceptum
1242 752 1330 816 enim

212 835 391 900 referimus
407 840 441 900 et
453 842 591 898 mortem
605 840 639 898 et
650 833 770 913 vitam,
801 832 843 898 de
858 833 924 920 quai
941 832 979 902 P.
994 832 1164 921 disputet,
1194 836 1331 918 Christo,

214 920 292 1006 qui,
319 911 351 1002 ssi
371 915 478 1006 neque
496 917 538 984 ud
558 918 709 984 homines
729 920 864 1004 legatus
877 919 1025 1002 perisset
1038 941 1142 1006 neque
1158 920 1201 985 ah
1217 920 1262 985 iis
1277 923 1327 986 in-

212 1007 374 1090 terfectus
388 1003 424 1068 iu
438 1004 537 1068 vitam
552 1002 713 1070 divinitus
725 1004 906 1069 restitutus
921 1010 1030 1086 esset,
1058 1005 1171 1070 faeere
1185 1027 1252 1072 non
1271 1029 1330 1094 po·
1353 1057 1359 1066 .

213 1089 395 1157 tuissemus
415 1086 615 1176 quodquam
630 1089 726 1155 sacro
743 1089 839 1156 fonte
852 1088 1127 1178 perfunderemur
1140 1091 1284 1157 lecimus
1298 1093 1330 1160 h.

212 1199 245 1245 e.
260 1175 443 1266 servatoris
457 1181 491 1240 et
505 1177 607 1242 vitam
622 1183 655 1242 et
671 1180 809 1240 mortem
825 1175 953 1243 imitari
964 1182 999 1242 et
1012 1179 1188 1265 utramque
1202 1175 1249 1242 ad
1263 1200 1330 1242 mo-

213 1282 272 1328 res
284 1268 418 1329 nostros
432 1259 617 1328 'transferre
636 1283 669 1329 v.
681 1259 808 1348 ἄεις.
905 1303 908 1308 -

286 1381 335 1456 =V.
353 1396 411 1458 12.
437 1377 508 1476 Μὴ
530 1374 599 1454 αὖα
619 1377 1080 1478 βασιλευέτωῆἎμαρτία
1097 1381 1139 1456 εἰ]
1155 1387 1213 1478 τῷ
1234 1383 1332 1478 θυη-

216 1489 272 1580 τῷ
285 1479 397 1577 ὑμῶν
414 1478 558 1578 σώματι
572 1487 622 1565 εἰς
634 1480 678 1556 τὸ
693 1479 900 1557 ὑπακούειν
918 1483 1026 1578 αὐτῇ,
1054 1499 1112 1559 18.
1121 1480 1218 1580 μηδὲ
1233 1511 1329 1582 παρ-

215 1579 385 1660 ιστάνετε
416 1581 463 1666 τὰ
497 1583 587 1682 pito
611 1581 728 1680 ’ὑμῶν
749 1583 855 1658 ’ὅπλα
884 1581 1030 1669 ἀδικίας
1060 1593 1108 1681 τῇ
1131 1584 1330 1683 Ἅμαρτίᾳ,

216 1685 309 1763 ἀλλὰ
326 1682 587 1785 παραστήσατε
601 1684 758 1784 ἑαυτοὺς
772 1693 826 1783 τῷ
842 1690 922 1782 Θεῷ
937 1683 993 1784 Ιὠς
1014 1689 1054 1760 ἐκ
1071 1697 1216 1786 νεκρῶν
1236 1687 1341 1778 Cor:

214 1818 284 1873 τας
315 1787 378 1862 καὶ
406 1786 454 1862 τὰ
486 1789 578 1886 μέλη
607 1787 721 1884 ὑμῶν
754 1785 849 1864 ὅπλα
882 1782 1121 1884 δικαιοσύνης
1148 1797 1205 1887 τῷ
1240 1794 1330 1887 Θεῷ.

219 1903 278 1970 14.
298 1888 475 1988 :impeto
484 1889 565 2018 peip
580 1888 691 1985 ὑμῶν
705 1889 751 1964 od
769 1885 971 1990 κυριεύσει·
1005 1889 1051 1982 οὐ
1068 1885 1144 1992 γάρ
1159 1893 1241 1966 ε’στε
1255 1889 1328 1966 ὑπὸ

215 1992 355 2091 νόμον,
383 1993 457 2066 ‹tm’
474 1992 548 2066 υπὸ
560 1989 685 2092 χάριν.
1398 2001 1399 2006 ’

117 2103 121 2120 ’
303 2109 348 2178 V.
365 2108 418 2176 12.
432 2112 467 2172 et
480 2106 533 2176 13.
569 2105 708 2177 Nexus:
736 2108 847 2196 Quum
864 2107 1029 2191 refutati,
1058 2130 1156 2195 quam
1170 2131 1205 2180 r.
1223 2111 1256 2183 1.
1270 2130 1328 2198 po-

217 2193 367 2274 suimus,
394 2191 578 2283 objectione
593 2215 624 2262 v.
637 2193 671 2262 2.
685 2193 841 2344 sqcpj‘vos
853 2217 895 2260 ex
909 2193 979 2261 riti
994 2194 1196 2284 turpitudini
1213 2217 1328 2261 conse-

215 2281 307 2351 crati
322 2278 493 2364 digressos
508 2279 616 2366 piam,
638 2301 723 2366 quae
772 2300 811 2344 eo
834 2278 984 2363 dicetur,
1004 2280 1107 2346 vitam
1122 2280 1244 2347 iniisse
1261 2304 1328 2346 ma-

214 2365 373 2431 nifestum
394 2363 440 2429 sit
458 2365 505 2446 (v.
522 2365 609 2452 lu),
645 2363 811 2429 enitimini
832 2365 951 2450 mitur,
976 2371 1015 2430 ut
1039 2386 1099 2430 vos
1121 2365 1329 2455 improbitati
1398 2401 1399 2456 ι

214 2449 439 2531 valedixisse,
458 2448 570 2516 Deum
584 2454 642 2514 aut
657 2448 812 2532 virtutem
827 2455 917 2515 totos
931 2471 982 2534 am
1008 2448 1101 2516 leros
1115 2473 1191 2517 esse
1205 2474 1249 2518 ex
1262 2453 1328 2519 viti
1398 2495 1399 2507 ι

213 2531 327 2604 vestri
342 2539 376 2602 et
389 2534 536 2601 moribus
551 2534 660 2624 possit
675 2533 822 2619 intelligi
835 2557 868 2604 v.
883 2537 935 2602 12.
955 2537 972 2599 l
1033 2573 1077 2585 —
1112 2531 1328 2623 ἩἎμαρτία

124 2641 125 2651 ’
214 2623 290 2692 lul.
328 2640 467 2688 ersonue
482 2620 523 2706 (i.
538 2625 569 2687 e.'
581 2619 738 2705 Domini)
752 2619 947 2706 dignitatem
962 2616 1075 2687 hahet.
1092 2617 1162 2690 PP.
1176 2645 1231 2708 gr.
1247 2623 1282 2688 in
1298 2643 1329 2690 ι.
1397 2637 1398 2648 ¹

175 2645 409 2792 *deusdedem
427 2706 480 2773 ine
505 2713 538 2772 te
560 2707 709 2790 argutati
733 2710 823 2773 sunt.
878 2705 1029 2792 Quorum
1044 2705 1154 2812 dirps.
1175 2714 1209 2773 ct
1228 2709 1327 2784 Tice-
1396 2691 1398 2802 i

213 2793 307 2880 plyl.
321 2789 464 2864 Paulum
480 2728 521 2874 de
534 2789 701 2868 industrii
714 2789 762 2876 μὴ
774 2788 980 2872 βασιλευέτω
993 2813 1056 2880 pro
1069 2815 1113 2876 μη
1128 2789 1327 2879 τυραυυείτω

151 2945 156 2956 ,
215 2878 395 2970 scripsisse
414 2877 542 2958 ierunt,
572 2882 609 2943 ut
622 2875 747 2948 nemini
769 2874 926 2964 peccandi
943 2875 1177 2942 necessitatem
1193 2877 1328 2966 imposi-

214 2973 283 3030 tum
306 2985 381 3030 esse
401 2959 576 3030 indicaret.
627 2959 758 3049 Nempe
771 2961 802 3026 si
818 2959 888 3028 PP.
902 2963 1034 3046 graecis
1051 2961 1254 3029 eredendum
1266 2969 1330 3042 est,

88 3117 90 3122 ,
215 3053 289 3140 Ap.
310 3071 351 3115 ne
372 3049 439 3116 tria
463 3046 596 3134 quidem
622 3067 711 3114 voce.
744 3045 913 3128 exaravit,
948 3047 1028 3134 quin
1049 3040 1329 3126 τὸαύτεξσύσιαν

215 3134 406 3202 homiuibus
426 3131 624 3202 vindicaret.
674 3133 719 3197 Et
739 3127 835 3220 εἰμὴ
858 3121 917 3198 cir
937 3127 1196 3215 τυραννείτια
1217 3130 1238 3220 ἡ
1256 3125 1328 3215 ‘Ape
1395 3185 1396 3188 ,

87 3275 93 3290 .
214 3220 290 3292 lul.
305 3223 512 3308 legeremus,
533 3241 572 3284 ea
592 3240 625 3286 v.
646 3217 707 3284 hoc
725 3216 892 3283 dicerent:
920 3217 1019 3282 nolite
1035 3217 1167 3296 Picenti
1180 3219 1330 3302 tyranni·
1395 3267 1396 3308 ι

216 3308 289 3373 dem
297 3305 372 3392 poti
385 3305 410 3372 i.
426 3327 456 3372 e.
475 3305 648 3371 Peccatum
662 3303 831 3386 tyrannico
849 3301 1038 3387 principatu
1059 3301 1212 3388 dejicite,
1242 3299 1330 3392 qnod
1395 3315 1396 3388 ι

215 3391 285 3456 nisi
299 3390 422 3471 armis,
450 3387 573 3476 quibus
588 3386 765 3454 Peccatum
785 3389 1010 3470 vinceremus,
1035 3387 1180 3476 acceptis
1198 3389 1331 3453 efficere

242 3483 278 3542 ut
290 3467 488 3566 possemus?
523 3471 601 3538 Non
616 3473 725 3539 minus
745 3471 925 3542 ehsrrrdum
939 3478 993 3537 est
1006 3471 1221 3556 existimare,
1243 3473 1330 3561 quod

29 3635 31 3643 .
217 3500 442 3648 disperdente
454 3560 713 3640 sturemare,
729 3580 833 3642 nrcper
844 3555 1024 3622 Ricecicrto
1061 3558 1175 3640 lacuit,
1197 3561 1331 3663 sapien·
1394 3571 1395 3628 l

134 3659 136 3666 ’
216 3653 273 3714 ter
293 3644 355 3728 P..
390 3645 468 3733 quia
490 3648 625 3710 nostrae
649 3643 876 3724 infirmitatis,
904 3663 989 3744 quos
1008 3579 1059 3708 ud
1075 3643 1163 3708 mala
1181 3643 1332 3710 facinora
1394 3633 1395 3681 l

216 3751 451 3820 nonnunquam
465 3729 575 3820 abripi
588 3751 724 3795 necesse
737 3735 838 3812 esset,
857 3734 1020 3794 rationem
1034 3727 1201 3812 duxisset,
1212 3730 1261 3818 μὴ
1279 3723 1332 3796 οὖν

217 3818 507 3922 βασιλευέτω
532 3825 637 3921 pirre
658 3853 720 3921 pro
736 3825 785 3918 pp*
806 3821 863 3896 οὖν
884 3826 988 3918 ζήτω,
1017 3829 1190 3920 ἒνιργείτω
1213 3827 1333 3924 ἡσάρξ

216 3919 386 4010 posuisse.
436 3915 524 3984 Nam
543 3924 720 4020 postquam
733 3918 804 4004 Ap.
818 3914 1001 3983 Christiani
1023 3919 1188 3984 notionem
1205 3922 1333 4006 cogita-

216 4007 310 4082 tione
325 4001 482 4085 hominis,
501 4025 560 4091 qur
574 4025 610 4068 se
627 4001 792 4091 impietati
806 4011 971 4069 mortuum
986 4003 1106 4092 pietati
1121 4003 1224 4092 vitam
1240 4027 1332 4070 suam
1392 4047 1393 4082 p

183 4161 187 4173 ,
216 4096 488 4158 consecraturum
504 4088 677 4177 protessus
699 4087 877 4170 fuerit‚.r.
890 4089 923 4176 2.
939 4111 1015 4190 sqq.
1036 4089 1167 4160 absolvi
1179 4091 1333 4176 graviter

218 4173 491 4260 ostenditpdaec
500 4167 701 4278 subjungere
715 4171 833 4245 debet:
858 4195 898 4240 ex
925 4172 1035 4267 rirnrte
1053 4175 1157 4260 igitur
1167 4173 1332 4263 perfecto-

217 4267 344 4331 rum'ct
364 4259 419 4349 urci
436 4261 568 4342 Peccata
578 4257 699 4343 jupam
717 4251 892 4345 exuerint..
918 4259 1157 4326 hristianorum
1180 4261 1333 4340 formam,

218 4365 388 4434 quamtus
402 4346 511 4428 mente
524 4337 717 4434 concepisse
730 4363 790 4432 per
805 4338 969 4436 ambages,
978 4367 1077 4432 quum
1096 4343 1333 4436 baptisurcmi·
