2814 5048
226 365 297 436 eoo
440 363 727 436 nr1srona
755 361 1182 456 Announnos,
1268 321 1274 334 ’

229 525 429 618 mpsssmmo
445 519 591 615 aliquem
605 526 703 593 initio
716 527 907 594 ‘mmntrnns
921 520 1176 612 (reverendum,
1206 525 1346 614 opinor)

179 681 183 688 ,
230 612 355 700 patria,
372 609 438 696 filii
451 621 483 680 et
495 633 547 698 cp.
561 635 589 681 s.
604 633 721 700 nomen
745 609 847 693 lenter
858 614 1053 762 plantatum
1067 612 1121 692 out
1136 616 1194 681 ten
1210 613 1346 698 [nonme

230 701 412 786 iruuenden]
434 701 576 784 dlobmtn
597 703 649 769 bet
669 705 727 782 -)
742 702 842 766 notet
875 703 964 762 nstro
985 694 1127 796 aliquem
1147 699 1346 788 revenerunt,

231 805 315 872 qnae
326 783 434 869 patris
446 821 490 834 —
510 779 632 850 nomini
651 783 824 862 delentur,
853 803 928 847 etam
944 779 1156 866 obstrtnqens.
1206 779 1295 848 Item
1313 783 1345 848 iu

230 867 1099 1035 tttttttaitttttttet'uttt?titt*tt
1112 865 1176 1023 tt?
1187 865 1346 1038 digiti

230 1039 507 1106 circumciderent
526 1043 574 1126 (v.
591 1002 785 1124 ficiodtqe’n
798 1035 885 1105 Hor.
901 973 995 1104 hebr.
1008 971 1039 1118 l,
1052 1037 1165 1122 239.),
1194 974 1346 1104 herisinde
1394 1129 1395 1132 Ἴ

230 1125 293 1192 haic
313 1127 390 1210 lege
413 1123 679 1206 circumcidisse,
719 1129 758 1188 ut
780 1130 924 1188 montem
945 1121 1095 1190 Gerizim
1116 1132 1345 1188 consecratum
1394 1159 1395 1173 κ

231 1207 376 1278 montem
399 1212 631 1298 existimarent
651 1209 822 1298 sacrisque
845 1207 894 1273 ibi
914 1205 1077 1274 faciendis
1092 1207 1348 1294 pbstringcren-

231 1301 301 1364 tur.
345 1295 413 1364 Sed
433 1295 860 1377 Israelitaelt'or.10‚2.·
880 1290 929 1372 εἷς
949 1287 1009 1382 equ
1025 1291 1181 1380 Μωϋσῆν
1204 1292 1350 1376 ἐβαπτί-

233 1403 334 1472 ccueo
350 1382 446 1468 [honi
460 1381 547 1450 cdd:
560 1379 830 1465 ἐβαπτίσθησαν]
852 1378 971 1444 Mosen
985 1381 1101 1464 (quern
1117 1378 1239 1444 ducem
1253 1380 1349 1444 nimi-

231 1488 306 1532 rum
330 1469 566 1555 sequerentur)
587 1467 700 1532 intuiti
726 1461 981 1554 (notet-{tinnit
1000 1466 1055 1546 oui
1073 1465 1145 1551 ill)
1163 1466 1298 1532 lauacro
1317 1489 1350 1530 se

231 1551 443 1638 subjecerim
457 1555 491 1623 h.
505 1575 534 1620 e.
556 1555 673 1640 (quum
694 1551 813 1616 anubem
834 1555 1056 1637 sequerentur
1080 1555 1115 1614 et
1128 1572 1223 1616 mare
1238 1556 1349 1616 trans-

231 1637 338 1721 ireut)
364 1637 827 1728 baptismum'susccpcrunt,
856 1634 1025 1722 qquosi
1046 1656 1083 1700 sc
1097 1635 1349 1702 submitterent.

231 1721 301 1808 (cf.
323 1745 446 1806 ομνυμι
461 1721 510 1801 εἷς
523 1716 743 1807 Ἱεροσόλυμα
763 1719 885 1788 Mena.
901 1721 935 1802 5,
947 1719 1001 1788 35.
1020 1718 1100 1812 juro
1121 1723 1350 1805 Hierosolyma

150 1829 152 1836 ·
229 1809 368 1875 intnitns
385 1809 410 1877 i.
426 1831 456 1878 c.
471 1807 797 1896 perHierosolyma.
846 1804 1070 1874 Advertimus
1089 1807 1177 1872 enim
1196 1808 1269 1889 rei,
1317 1829 1350 1872 er

231 1915 329 1980 quam
339 1887 512 1986 juramus,
533 1895 691 1961 animum.
734 1891 906 1960 Contende
923 1894 1023 1957 etiam
1037 1891 1269 1959 Romanorum
1284 1830 1350 1958 lir-

231 1980 340 2044 minias
367 1979 482 2062 innare
494 1980 529 2045 in
547 1981 646 2067 acrba
660 1975 821 2064 alintjns,
848 1979 885 2044 in
898 2000 1013 2043 nomen
1028 1977 1208 2064 principis,
1238 1980 1275 2044 in
1290 1979 1349 2044 cti-

231 2062 328 2149 enjns
340 2051 533 2154 odecqninm,
548 2051 688 2166 quaruin
704 2064 868 2131 rationem
882 2068 1059 2128 etsensum
1074 2064 1235 2152 superius
1249 2062 1348 2128 dictis

230 2170 314 2213 rusus
328 2149 427 2238 facile
447 2149 659 2240 perspiciat).
707 2149 901 2214 Lectionum
916 2145 1174 2248 ἐβαπτίσθησαν
1195 2151 1348 2238 amplexo

231 2235 280 2298 sic
296 2235 529 2322 explicandum
546 2242 618 2302 est:
640 2233 819 2300 israelitae
837 2257 937 2322 quum
952 2233 1066 2298 Moses
1082 2233 1127 2298 ins
1140 2233 1244 2321 (dux)
1260 2257 1348 2300 mou-

231 2325 400 2385 strarctur
418 2321 588 2386 lavacrum
608 2320 741 2407 experti
760 2326 838 2385 siunt
857 2317 1165 2386 divinitus'nubiet
1178 2321 1268 2403 mari
1282 2322 1307 2386 i.
1322 2343 1347 2388 e.
1397 2315 1398 2328 ¹

232 2402 394 2494 obsequio
426 2403 517 2472 Mosi
544 2400 755 2494 praestando
787 2405 949 2471 divinitus
976 2403 1109 2489 alligati
1144 2405 1347 2494 baptismate

232 2495 329 2572 arnt,
358 2489 447 2580 quod
469 2490 721 2582 nubisubjecti
745 2497 780 2556 et
807 2493 953 2558 transitu
976 2508 1038 2578 per
1058 2513 1149 2558 mare
1177 2493 1270 2564 lacto
1295 2515 1346 2556 su-

229 2575 375 2646 bierunt.
447 2573 597 2643 Phrnses
631 2577 823 2644 rabbinieae
859 2575 900 2642 de
936 2597 1108 2643 serrorum
1144 2577 1346 2668 lustratione

197 2877 204 2888 “
247 2944 253 2950 ,
291 2871 372 2931 'alios'
391 2879 539 2946 Pete-uiros,
568 2877 636 2932 alios
660 2879 836 2934 Christianos
855 2895 1006 2933 vocasse
1027 2878 1097 2932 male
1116 2878 1215 2932 sumsit
1233 2879 1347 2931 Binds..

298 2941 383 3003 nivet
401 2944 477 3008 τινός
492 2948 583 3000 valere
602 2948 722 3014 alicujus
742 2967 803 3002 esse
816 2949 843 3003 h.
859 2970 883 3002 e.
905 2951 994 3002 alicui
1004 2951 1153 3015 qddrctnm
1167 2965 1230 3000 esse
1243 2945 1349 3000 tralati-

298 3017 367 3069 tium
381 3027 431 3070 est.
467 3015 550 3070 Unde
563 3017 607 3070 alii
621 3039 649 3072 se
663 3035 726 3071 cum
742 3017 828 3071 Paulo
842 3018 931 3071 aliove
945 3019 1090 3088 magistro,
1110 3018 1154 3070 alii
1168 3035 1235 3071 curn
1243 3017 1348 3070 Christo

298 3085 390 3138 lacere
403 3086 561 3139 dictitarunt
577 3089 590 3140 l
607 3087 670 3142 Cor.
687 3090 712 3154 1,
728 3089 770 3140 tt.
813 3088 876 3140 Non
895 3086 980 3156 igitur
992 3089 1047 3156 Ap.
1061 3105 1169 3138 versum
1188 3087 1228 3140 tt.
1243 3083 1349 3165 adjecit,

299 3155 373 3224 quod
388 3156 487 3208 veritus
502 3163 584 3219 esset,
602 3176 637 3208 ne
653 3157 717 3228 qui,
734 3157 807 3228 quod
822 3155 947 3210 nonnulli
960 3177 990 3213 se
1001 3153 1143 3208 Paullinos
1159 3155 1288 3207 Corinthu
1301 3174 1348 3224 ap·

255 3255 260 3267 -
299 3221 447 3294 pellerent,
480 3224 595 3278 Paulum
616 3245 666 3278 suo
688 3229 778 3297 potius
797 3245 879 3296 quam
901 3224 1001 3277 Christi
1020 3223 1127 3276 nomini
1148 3224 1275 3277 homines
1299 3225 1346 3274 ba·

298 3291 398 3360 ptisrno
417 3292 535 3346 initiasse
554 3295 768 3365 suspicarentur.
813 3297 872 3358 imo
893 3295 999 3346 duabus
1016 3292 1347 3346 rationibirsCorinthio-

298 3380 363 3412 rum
379 3363 524 3414 vanitatem
537 3363 684 3434 redarguit.
727 3365 824 3417 Primo
842 3364 987 3421 clusurdtm
1004 3377 1059 3414 esse
1073 3361 1347 3419 eorumorationem,

245 3441 250 3446 “
299 3446 417 3498 quorum
431 3429 477 3483 alii
493 3430 615 3496 dqctoris
629 3433 739 3500 christ,
758 3435 802 3488 atii
818 3432 917 3485 Christi
932 3451 960 3484 se
977 3439 1151 3484 assectatores
1167 3431 1350 3500 perhiberent,

298 3497 362 3550 iride
376 3497 558 3566 demonstrat,
599 3501 651 3553 uod
665 3521 736 3556 unns
751 3503 785 3554 sit
800 3502 939 3563 Christus,
956 3499 1003 3571 qni
1017 3497 1268 3552 omitia'servatoris
1281 3497 1349 3549 osh—
1398 3539 1399 3546 ,

237 3591 239 3596 ·
299 3567 553 3622 ctasotesobierio
612 3565 1347 3642 enipenouthsonsillaoratiorideretur„siChri-
1398 3585 1399 3596 ¹

298 3645 355 3688 stus
370 3647 396 3687 et
411 3635 533 3705 Apostoli
548 3638 639 3691 diuisis
650 3642 723 3693 inter
741 3639 907 3711 se'pnrtihus
920 3640 1033 3690 Messias
1049 3635 1347 3705 ntunsribusconjnn-

299 3704 465 3758 ctimsuncti
484 3715 588 3774 essent,
611 3727 635 3760 v.
654 3729 678 3762 c.
699 3711 721 3764 si
744 3708 867 3764 Christus
885 3706 1010 3762 homines
1030 3705 1205 3770 instituisset,
1235 3705 1347 3776 Apollo·

298 3772 360 3824 iuius
381 3774 539 3828 vaticinatus
555 3788 637 3839 esset,
662 3779 760 3830 Petrus
782 3779 911 3830 messiane
929 3774 1061 3829 niiraoula
1078 3775 1221 3838 edidisset,
1247 3773 1345 3828 Paulos

297 3841 442 3894 honrinum
461 3854 571 3914 peccata
593 3845 745 3926 expiaturus
759 3846 787 3898 in
806 3865 916 3898 crucem
937 3855 1012 3898 actus
1033 3853 1103 3898 esset
1124 3845 1301 3918 (μεμέρισται
1314 3874 1346 3889 -

296 3907 371 3982 ὑπὲρ
386 3910 492 3980 ipsein).
527 3913 575 3966 Sic
588 3933 660 3966 emm
674 3916 752 3968 etiarn
772 3913 930 3985 Apostolis‚
949 3933 1005 3966 non
1026 3917 1114 3968 solum
1129 3915 1256 3980 Christo,
1274 3935 1346 3966 rines-

298 3980 374 4032 siana
396 3982 521 4050 majestas
538 3977 645 4036 inesset.
693 3984 801 4036 Deinde
821 4003 883 4036 euni
899 4002 956 4036 esse
971 3982 1115 4036 dominnm
1137 3985 1346 4048 observandam,

298 4049 343 4101 cni
364 4049 588 4118 sacro‘haptisnii
611 4051 665 4104 ritu
688 4053 806 4108 initiatus
826 4052 877 4118 sis,
903 4052 929 4106 h.
939 4071 969 4108 .e.
991 4049 1148 4116 Christum„
1176 4054 1238 4122 Ap..
1255 4062 1346 4104 nioriet

297 4117 328 4183 tii
342 4143 376 4154 -
390 4119 627 4189 isturicie-‘rmum
662 4119 709 4174 lV.
731 4120 848 4187 Nomina
862 4121 950 4174 aDiis
965 4119 1093 4190 repetita,
1113 4122 1146 4172 ad
1160 4141 1230 4190 quae
1241 4121 1344 4174 Binds.

298 4190 468 4254 provocavit,
486 4192 605 4260 [treptia
623 4200 697 4260 sunt,
715 4200 743 4242 nt
758 4189 917 4258 Hannibal,
931 4189 1108 4255 Hasdrubal,
1122 4185 1234 4256 Abdiil,
1252 4191 1347 4242 (ltad-

292 4255 364 4321 jau,
383 4255 499 4310 Innatat
517 4262 554 4324 (r.
573 4259 707 4316 Generi-l.
723 4261 775 4327 n),
801 4270 897 4312 contra
919 4257 975 4314 viui
995 4255 1044 4312 toli
1064 4259 1156 4324 θεοῦ,
1181 4259 1279 4314 δοῦλοι
1298 4261 1347 4314 τοῦ
1397 4265 1398 4324 I

298 4329 422 4393 Χριοιοῦ
441 4338 467 4392 et
489 4329 674 4398 πνευματικοί
692 4329 868 4404 appellativa
889 4327 1001 4400 n'omina
1016 4335 1119 4380 suntet
1139 4347 1209 4400 quac
1228 4329 1281 4384 fide
1294 4350 1347 4402 pe·
1397 4379 1398 4386 ,

298 4392 350 4447 tius
365 4414 396 4448 ac
411 4395 507 4466 pietate
520 4408 730 4472 comparentur,
749 4417 831 4469 quom
848 4396 983 4471 baptismo
1001 4395 1190 4469 acquirantur.
1244 4449 1246 4456 ,
