2814 5048
223 319 307 442 ua
438 303 1127 437 arrsrounnoaounuos

164 609 167 622 A
228 535 330 622 guum
379 525 529 632 aeolide
544 526 661 595 notite
679 523 875 678 pracliappt,
902 523 964 614 qui
983 545 1045 620 per
1065 513 1347 630 (liliuminter-³

226 611 816 795 tiltafttlltinltutl
829 629 1344 786 llttttttttltttt?

230 811 304 856 rom
321 796 432 856 mente
452 787 662 854 informarat.
712 784 824 871 Atqui
847 789 1006 864 mortem,
1035 803 1121 869 quac
1141 779 1185 845 ab
1206 778 1345 848 Adamo

228 877 413 955 manasset,
436 870 559 940 nemini
573 869 768 960 pepercisse
785 866 882 936 vidit.
937 867 1027 934 Hinc
1046 889 1116 931 rem
1135 887 1176 930 eo
1198 864 1345 953 denique

230 979 482 1049 processuram,
502 965 540 1024 ut
553 977 667 1022 omncs
682 978 719 1022 sc
733 954 882 1021 homines
900 955 937 1020 in
957 951 1098 1042 pereuni
1115 952 1186 1016 vite
1207 973 1229 1016 a
1243 949 1344 1020 Chri·

232 1051 288 1112 sto
316 1045 476 1111 collocari
503 1047 718 1132 paterentur,
751 1040 922 1129 Apostolo
949 1037 1112 1104 credibile
1139 1038 1252 1104 risum
1282 1044 1344 1106 est.

230 1125 422 1206 Δικαίωσις
438 1127 527 1216 ζωῆς
538 1126 716 1207 absolutio,
736 1147 818 1213 quae
840 1125 927 1191 citae
946 1131 1028 1205 est,
1050 1124 1096 1190 od
1115 1122 1218 1212 uitam
1240 1123 1345 1208 perti-

230 1221 308 1296 net,
327 1214 363 1278 ia
375 1213 445 1280 oitd
457 1219 617 1304 tanquam
629 1212 759 1280 radices
771 1231 849 1277 coroa
863 1210 930 1296 epit
945 1209 1087 1296 ideoque
1099 1226 1174 1272 cum
1194 1208 1272 1274 vita
1292 1229 1343 1272 ar-

231 1297 432 1364 etoviuculo
447 1299 602 1401 copulata
620 1303 674 1362 est
689 1289 866 1362 'uitatem
887 1300 982 1361 notat
1003 1303 1040 1360 et
1063 1315 1148 1382 quac
1170 1293 1278 1360 vitam
1296 1295 1344 1358 al-

230 1384 323 1450 arat
350 1381 597 1452 absolutionem.
647 1381 701 1450 Gi.
724 1380 802 1450 Joh.
821 1381 862 1464 5,
881 1380 937 1449 29.
967 1375 1150 1456 ἀνάστασις
1178 1377 1294 1464 ζωῆς
1315 1383 1346 1444 et

231 1461 414 1572 α’νάστασις
437 1464 626 1570 κρζσεως.
667 1465 863 1568 Posteriora?
883 1487 934 1568 τε.
958 1464 1104 1530 membro
1125 1465 1208 1530 haec
1229 1464 1345 1566 dicun·
1394 1477 1395 1484 ’

230 1561 371 1704 itta
388 1549 1346 1738 titii?tsltltt‘llltlattltltltl‘llt

231 1727 446 1814 (perennem)
462 1729 565 1791 vitam
580 1725 706 1813 pariat.

250 1843 254 1850 ·
318 1808 367 1878 V.
382 1811 435 1890 19.
463 1809 538 1876 Hoc
551 1829 653 1890 versu
675 1807 875 1874 sententiam
894 1827 945 1876 vs.
962 1807 1017 1876 18.
1038 1803 1220 1872 dilucidari
1240 1806 1344 1896 pleri-

258 1914 306 1996 οο·
318 1893 389 1961 into
430 1902 520 1961 retes
540 1894 625 1961 bono
642 1895 897 1964 intellexerunt.
953 1891 1084 1996 Ioulia
1107 1892 1218 1957 omnia
1238 1913 1345 1995 uupm

204 1997 208 2004 ·
256 1915 579 2064 acessitritucatos,
600 2002 633 2047 v.
653 1981 707 2048 19.
720 1979 885 2046 rationem
899 1978 1033 2060 afferri,
1052 1976 1142 2044 unde
1158 1982 1345 2044 sententiae

231 2085 266 2132 r.
281 2063 335 2134 18.
351 2065 549 2235 propositae
566 2065 693 2132 veritas
714 2072 942 2151 ammoneatur,
964 2063 1140 2154 opinatus:
1161 2084 1225 2152 per
1244 2085 1345 2130 unum

233 2150 350 2235 [unius
377 2149 507 2216 lacinus
520 2170 634 2216 omnes
647 2150 798 2216 homines
813 2147 856 2215 ad
867 2157 1005 2216 mortem
1020 2148 1195 2238 physicam
1207 2147 1344 2214 damna·

230 2233 262 2301 ti
276 2241 372 2315 sunt3
391 2235 471 2300 item
489 2255 552 2326 per
574 2256 676 2300 unum
699 2235 828 2319 [unius]
851 2241 942 2301 recto
962 2237 1087 2301 iactum
1108 2234 1265 2303 omuibus
1285 2236 1344 2300 ho·

231 2318 381 2384 minibus
396 2319 566 2386 absolutio
579 2319 683 2386 vitam
698 2325 881 2410 apportans
902 2319 1054 2405 obtinget
1072 2321 1215 2406 (ν.18.).
1256 2321 1344 2386 Nem
1395 2379 1396 2398 ,

231 2402 519 2491 quemadmodum
541 2405 683 2490 improbi
716 2405 885 2477 constituti
912 2412 988 2472 ruat
1015 2425 1077 2495 per
1105 2407 1343 2471 contumaciam
1395 2411 1396 2414 ’

156 2525 159 2532 ·
231 2488 333 2556 unius
355 2489 501 2572 hominis
521 2489 641 2576 ingens
659 2490 828 2556 hominum
851 2511 1029 2572 numerus,
1064 2491 1113 2556 ita
1134 2491 1237 2557 etiam
1254 2490 1344 2578 proti
1395 2497 1396 2512 ¹

134 2579 139 2590 ’
232 2575 471 2643 maatitueatur
482 2595 545 2665 per
560 2573 783 2642 obedientiam
796 2575 898 2641 unius
915 2575 1033 2662 ingens
1047 2576 1217 2642 hominum
1232 2597 1343 2642 nume·

230 2677 293 2724 rurs
306 2659 342 2726 h.
356 2681 387 2727 c.
402 2681 518 2727 verum
533 2682 611 2727 esse
624 2658 715 2748 quod
728 2659 771 2727 dc
783 2659 918 2730 Adamo
933 2660 1006 2727 dixi
1026 2683 1071 2728 cc
1091 2683 1128 2728 eo
1141 2661 1341 2766 inteltiyituq

231 2742 324 2832 quod
348 2743 489 2832 improbi
517 2746 782 2814 conuiuatum
807 2767 869 2836 per
886 2746 1013 2813 Adami
1043 2746 1285 2815 contumaciam
1313 2769 1343 2810 οι

230 2827 377 2916 πολλοῖς
396 2837 511 2897 contra
525 2829 615 2920 quod
625 2828 668 2896 de
683 2830 819 2900 Christo
832 2833 997 2899 affirmari
1013 2853 1079 2898 non
1099 2833 1209 2898 minus
1230 2853 1340 2898 rerum

232 2935 310 2980 esse
322 2921 393 2981 tum
403 2916 550 3002 patebit,
571 2937 673 3004 quum
689 2916 784 3004 prodi
798 2918 1038 2984 comtitueatur
1055 2939 1117 3023 pqr
1134 2919 1268 2986 Christi
1287 2917 1342 2984 ob-

97 3018 100 3034 *
232 2999 387 3086 sequium
400 2996 434 3067 oi
447 2997 584 3069 πολλοί.
626 2999 763 3070 Erravit
776 3001 823 3070 V.
837 3001 899 3072 D..
941 3001 1029 3068 Nam
1043 3025 1188 3091 primurn
1207 3001 1343 3092 'quidem

232 3085 413 3158 verborum
427 3083 511 3152 ordo
524 3086 600 3178 ejus
615 3087 765 3177 opinioni
777 3089 987 3173 refragatur,
1009 3089 1068 3174 qui
1086 3089 1168 3154 talis
1189 3097 1268 3155 esse
1287 3087 1347 3153 de-

232 3168 352 3238 bebat:
373 3165 483 3258 ὥςπερ
499 3170 562 3259 γὰρ
585 3164 669 3254 ἅμα
705 3174 840 3238 τωλοὶ
865 3169 1195 3261 κατεστάθησαν
1216 3175 1247 3240 d.
1263 3195 1293 3241 τ.
1308 3195 1344 3240 π.

233 3249 308 3336 pi.
324 3249 359 3322 ἆ.
375 3249 564 3334 οῒπολλοὶ,
603 3251 663 3321 oiiu
713 3259 771 3323 καὶ
795 3255 962 3324 δίκαιοι
989 3264 1214 3325 κατασταθ
1231 3254 1346 3324 ’σον-

232 3339 362 3413 ταιμδ.
376 3361 407 3406 τ.
421 3335 454 3408 ὓ.
472 3363 501 3406 τ.
515 3335 546 3410 ἑ.
562 3337 596 3408 οὶ
609 3339 744 3407 πολλοὶ.
789 3341 924 3409 Deinde
941 3341 984 3413 P.
1004 3361 1070 3410 non
1088 3345 1198 3410 solum
1220 3281 1346 3409 iormu-

233 3423 289 3489 las
315 3421 364 3490 τὸ
391 3421 522 3513 κρίμα
549 3421 601 3504 εἷς
626 3421 757 3504 πάντας
783 3425 988 3517 ἀνθρώπους
1014 3423 1077 3508 οἷς
1104 3423 1345 3514 κατάκριμα

234 3505 366 3594 ἐγένετο
377 3515 413 3576 et
425 3507 467 3576 τὸ
478 3506 628 3598 χάρισμα
642 3507 693 3590 εἰς
707 3505 836 3589 πάντας
856 3509 1061 3600 ἀνθρώπους
1072 3509 1137 3592 ἐἰς
1157 3512 1345 3580 δικαίω-

231 3615 290 3676 μα
309 3589 536 3680 γενήσοται
557 3596 671 3662 veritis
692 3619 725 3665 v.
739 3600 793 3665 19.
816 3591 1065 3684 ἁμαρτωλοὶ
1086 3597 1344 3685 κατεστάθησαν

232 3671 269 3743 οἱ
283 3677 410 3745 πολλοί
424 3685 460 3746 ct
481 3677 651 3748 δίκαιοι
672 3681 988 3770 κατασταθήσονται
1003 3679 1038 3750 oi
1050 3683 1177 3750 πολλοί
1190 3683 1344 3750 illustra-

231 3762 299 3844 vit,
326 3765 565 3837 verumetiam
588 3765 748 3834 vocabula
770 3761 816 3832 δι’
842 3763 916 3845 ἑνὸς
938 3765 1216 3856 παραπτώματος
1242 3780 1278 3836 ot
1298 3764 1342 3834 δι’

231 3841 308 3926 ἑνὸς
316 3845 545 3931 δικαιώματος
556 3851 670 3919 verbis
686 3849 744 3917 διὰ
756 3854 817 3939 τῆς
835 3855 1013 3940 παρακοῆς
1031 3855 1093 3919 τοῦ
1112 3848 1186 3932 ἑνὸς
1206 3851 1345 3938 ἀνθρώ-

233 3953 303 3998 που
318 3943 353 3999 et
366 3928 425 4000 dcci
433 3936 495 4021 τῆς
512 3934 668 4024 ὑπακοῆς
687 3939 749 4002 τσῦ
768 3933 843 4016 ἑνός
862 3959 902 4003 ex
930 3937 1075 4019 lanarii,
1103 3961 1204 4026 quum
1218 3939 1343 4007 Adami

179 4059 181 4066 ι
233 4016 365 4084 lacinus
376 4020 571 4106 deneqotum
584 4020 891 4105 obtemperationem
904 3960 1047 4108 iidem,
1056 4025 1109 4092 1⁷.
1123 4025 1156 4105 3,
1163 4027 1225 4110 6.),
1246 4025 1344 4093 Chri-

233 4103 282 4168 sti
293 4109 383 4170 recto
396 4105 520 4171 lactum
535 4105 718 4193 obsequium
728 4106 1022 4196 interpretaretur.
1051 4108 1103 4174 Ex
1115 4109 1171 4174 his
1182 4132 1285 4178 versu
1295 4113 1344 4178 19.

216 4193 340 4280 'totum
362 4213 394 4257 ν.
414 4189 467 4258 18.
494 4191 693 4258 seutentiam
722 4195 845 4280 erponi
864 4195 1091 4282 consequitur.
1147 4195 1236 4261 Tum
1257 4195 1345 4285 quod

233 4270 351 4338 Rcicd.
365 4276 564 4376 particulam
577 4277 642 4365 γάρ
652 4277 808 4362 vulgatae
824 4279 1092 4368 interpretationi
1102 4281 1254 4348 oiticere
1268 4281 1346 4348 surh·

215 4380 217 4384 ·
235 4351 406 4443 indicarit,
426 4356 487 4451 γάρ
503 4362 538 4438 in
560 4363 745 4432 sententiae
759 4367 984 4456 expositione,
1005 4374 1044 4434 ut
1061 4366 1249 4454 sitacium,
1267 4368 1346 4458 poci
