2814 5048
141 1339 148 1356 “’
251 1342 314 1396 'r'ant
332 1345 454 1398 excusate
474 1357 587 1410 peccare
601 1337 771 1408 videantur),
795 1339 842 1394 sed
863 1338 918 1395 div.
930 1339 1091 1394 clementiae
1108 1345 1147 1405 (r.

252 351 320 420 ast
467 312 859 442 amaremur)
881 287 1165 419 nouenos

256 510 408 639 illiti·
428 509 1203 648 ilililtiitltt'ffblltltllilliti?
1213 507 1365 632 {iiidi-

255 619 472 724 verendum’est,
495 669 530 704 ne
546 621 667 722 Cbridtus
681 650 743 704 Deo
762 601 855 706 alibius
871 649 1016 734 aliquando
1030 615 1196 724 moriatur).
1225 646 1272 700 Sic
1287 597 1328 714 (b.
1342 667 1364 699 e.

254 731 285 773 ut
300 719 423 774 Christus
437 727 548 791 peceato
559 717 644 771 semei
657 728 782 774 mortuus
794 719 855 772 Deo
872 717 949 788 vivit)
966 737 1013 772 ros
1024 735 1149 790 quoque,
1167 715 1299 782 Romani,
1310 714 1364 768 exi-

255 789 391 843 stimatote
409 806 457 842 vos
474 799 599 846 mortuos
618 799 747 860 peccato,
778 788 899 848 viventes
915 789 977 842 Deo
1001 789 1115 852 (v.li.).
1163 784 1261 854 Quum
1282 786 1364 852 igitur

254 853 386 916 refutati,
405 875 486 926 quam
499 877 524 910 v.
542 860 566 911 1.
580 857 736 928 posuimus,
760 855 915 926 obiectione
927 876 950 911 v.
965 857 1056 940 isqq.
1072 875 1124 910 ros
1137 873 1170 908 ex
1183 851 1238 907 vitai
1252 853 1364 922 turpitu-

188 939 196 944 '
255 927 313 980 dini
335 923 495 980 consecrati
514 925 587 997 piatn
608 943 676 998 quae
697 925 769 980 Deo·
779 927 900 988 dicetur,
928 925 1010 979 vitam
1037 925 1129 979 iniisse
1151 925 1181 976 in
1201 931 1318 993 promtu
1335 921 1387 993 sit,

255 1001 290 1064 (v.
304 997 375 1068 lh),
399 994 549 1058 enitimini,
572 1003 603 1047 ut
617 1013 665 1048 vos
683 993 851 1066 improbitati
871 994 1040 1066 valedixisse,
1066 993 1156 1048 Deum
1172 1001 1222 1046 aut
1239 991 1363 1044 virtutem

166 1077 168 1083 '
253 1072 329 1119 totos
343 1083 387 1117 am
409 1062 481 1118 lesos
496 1082 553 1118 esse
568 1081 598 1116 ex
614 1058 667 1116 viu
678 1059 766 1118 vestri
779 1073 808 1116 et
817 1062 942 1117 moribus
957 1065 1042 1135 possit
1058 1063 1187 1134 cognosci
1203 1063 1242 1128 (v.
1253 1061 1297 1115 12.
1308 1058 1363 1130 tn).

253 1134 331 1190 Nam
343 1142 373 1186 ut
386 1081 531 1214 Peccatum
545 1151 593 1186 vos
607 1133 739 1205 gubernet
753 1151 801 1186 ros
819 1151 876 1186 uon
890 1150 1070 1187 concessuros
1082 1151 1139 1186 esse
1153 1147 1183 1184 er
1197 1149 1234 1184 eo
1248 1129 1363 1212 tres-niido³

252 1201 416 1326 illibi:
430 1199 1028 1343 tibulli}itlltttltlitltglllt
1039 1201 1365 1389 bitumini&

1179 1338 1208 1392 4.
1229 1337 1265 1390 ad
1341 1355 1363 1389 m

251 1409 299 1482 qui
312 1405 465 1478 confugerit
478 1427 541 1462 eum
556 1409 654 1478 vitam,
677 1427 760 1476 quam
780 1407 954 1482 improbitati
965 1417 1122 1478 consecret,
1147 1407 1258 1461 nullam
1271 1355 1365 1460 bibite

251 1475 460 1558 ostendimusii,
473 1479 559 1548 2'sq.).
595 1477 633 1530 As
647 1475 682 1531 ob
694 1476 722 1530 id
739 1477 836 1550 ipsum,
849 1477 954 1548 inquit,
994 1495 1087 1532 eucare
1101 1477 1182 1535 nobis
1196 1475 1278 1536 licet,
1296 1474 1365 1544 qual

250 1567 308 1601 non
322 1547 409 1618 legem
423 1565 507 1616 mos,
522 1545 569 1600 s'ed
581 1544 637 1602 divi
645 1545 838 1615 Clementiam,
852 1543 906 1618 qut
919 1497 991 1601 nibii
1001 1546 1144 1620 benignior
1157 1555 1209 1606 est,v
1220 1545 1364 1600 rectricem

250 1615 390 1672 babemus.
436 1613 511 1670 llaec
534 1615 655 1686 objectio·
674 1616 792 1670 absurda
810 1627 866 1682 est,
898 1635 983 1688 quum
998 1619 1143 1669 lromr'rr'em
1162 1616 1260 1668 ὠτίον.
1278 1620 1365 1666 exunt

157 1732 159 1743 .
250 1686 296 1756 qui
310 1683 441 1756 peccandi
453 1683 590 1739 licentiam
609 1684 660 1738 sibi
675 1695 765 1739 sumat
781 1683 894 1751 (utu).
930 1681 1045 1756 Nempe,
1061 1687 1083 1738 si
1098 1701 1215 1766 morum
1230 1683 1365 1762 rationem

147 1798 152 1806 .
249 1754 391 1821 babuerit,
426 1761 473 1808 aut
494 1753 610 1808 Peccato
630 1764 676 1808 aut
690 1753 784 1808 Pietati
803 1753 910 1810 servias.
925 1773 1034 1810 necem
1052 1765 1093 1809 est
1111 1755 1152 1824 (v.
1169 1753 1237 1818 16.).
1282 1752 1363 1819 Atqui

249 1827 331 1894 (quae
345 1819 400 1877 Dei
420 1822 573 1895 benignitas
587 1831 627 1878 est
645 1833 721 1895 grato
737 1821 817 1876 nobis
830 1822 922 1876 animo
937 1823 1110 1891 celebranda)
1127 1821 1271 1877 ePeecati
1286 1819 1364 1872 mini-

248 1893 311 1946 stris
325 1891 467 1946 doetrinae
480 1892 570 1947 christ.
583 1892 687 1946 alumni
709 1889 845 1945 exstitistis
855 1901 882 1944 et
895 1891 924 1944 in
937 1892 1089 1946 libertatem
1105 1907 1119 1946 a
1133 1891 1255 1946 Peccatu
1273 1887 1364 1946 vindi·

249 1959 302 2016 cati
315 1961 487 2028 emancipati
498 1959 559 2014 estis
572 1959 669 2017 Pietati
683 1961 720 2028 (v.
736 1959 777 2016 17.
793 1961 862 2028 18.).
897 1957 1022 2015 Humani
1035 1972 1101 2030 voce
1113 1971 1178 2014 utor
1192 1970 1310 2030 propter
1321 1958 1364 2010 in-

248 2029 321 2112 genii
334 2029 419 2087 vestri
433 2029 587 2084 tarditatem
604 2030 743 2102 animique
757 2029 959 2086 hebetudinem.
990 2029 1107 2102 ¹Nempe
1120 2031 1162 2100 (ut
1175 2045 1362 2094 rem-accura-

247 2111 302 2154 trus
320 2101 472 2170 explanem)
497 2099 730 2170 quemadmodum
751 2097 906 2154 exhibuistis
925 2100 1049 2152 membra
1070 2109 1159 2153 vestra
1181 2098 1363 2164 emancipata

246 2163 401 2239 impuritati
422 2178 448 2221 et
467 2165 639 2240 improbitati
660 2165 715 2222 boc
734 2166 845 2232 effectu,
873 2179 904 2222 ut
923 2168 1050 2241 improbe
1070 2169 1140 2222 facta
1175 2185 1227 2220 uae
1240 2164 1363 2237 patrastis

233 2245 442 2308 pascerentur,
461 2237 497 2290 ita
511 2255 587 2290 nunc
603 2235 723 2289 esbibete
736 2245 810 2290 artus
827 2246 934 2293 vestros
948 2241 1140 2320 emancipatus
1151 2176 1313 2303 Proditati,
1337 2243 1362 2286 ut

246 2305 335 2362 sancti
348 2303 418 2359 fiatis
434 2325 464 2358 ex
478 2303 592 2377 pollutis
612 2306 652 2371 (v.
671 2305 732 2374 tn).
768 2305 879 2360 Scilicet
896 2323 980 2377 qutim
995 2321 1062 2360 servi
1078 2307 1170 2361 essetis
1183 2305 1313 2367 Peccati,
1328 2307 1361 2356 u·

247 2376 308 2428 deri
317 2373 404 2427 erotr'r
418 2373 588 2442 Honestatr‘,
608 2385 688 2445 quam
704 2372 770 2428 nibil
784 2376 918 2429 curabatis
932 2377 972 2444 (v.
987 2377 1055 2444 20.).
1092 2375 1170 2428 Nulli
1184 2376 1279 2440 igitur
1290 2374 1329 2442 (b.
1340 2389 1359 2425 υ

246 2454 277 2497 ut
291 2443 365 2496 unde
379 2441 522 2516 proiectus
536 2463 597 2499 sum
612 2461 644 2495 eo
657 2451 779 2514 revertar
792 2463 821 2502 v.
836 2445 879 2499 tt.
897 2445 952 2528 18.)
967 2444 1043 2499 robis
1057 2463 1141 2516 -prara
1160 2445 1271 2512 studia,
1299 2459 1360 2514 quae

247 2511 313 2566 olim
327 2509 442 2566 exercita
454 2531 530 2566 nunc
544 2509 621 2565 vobis
636 2512 731 2566 rubori
744 2523 817 2577 sunt,
831 2513 930 2586 qnippe
941 2533 970 2566 m
985 2520 1103 2568 ntortenr
1116 2513 1235 2576 exituru-¹
1261 2513 1360 2565 emolu·

245 2589 341 2636 mento
354 2591 447 2646 erant3
466 2581 513 2634 sed
526 2597 602 2634 nunc
614 2579 682 2635 ritae
696 2582 801 2650 ratione
816 2579 983 2636 commutati
1004 2583 1226 2636 emolumentum
1242 2591 1360 2634 restrum

244 2649 349 2707 habetis
363 2650 512 2704 sanctitatis
525 2668 619 2722 spem,
644 2650 743 2704 exitum
758 2660 849 2705 autem
864 2654 904 2705 rei
923 2651 1158 2706 vilam'aeternam
1176 2657 1216 2718 (v.
1230 2651 1279 2712 21.
1294 2651 1359 2718 22).

230 2717 315 2778 ,Nam
329 2715 366 2771 ita
379 2737 423 2772 res
437 2728 593 2788 comparata
606 2728 662 2790 est,
683 2728 713 2770 ut
727 2718 874 2774 Peccatum
889 2738 1037 2788 nummos,
1056 2739 1125 2792 quos
1140 2721 1287 2792 peccando
1304 2737 1360 2772 me-

244 2785 350 2860 rueris,
373 2785 423 2842 tibi
445 2797 564 2842 nturtem
587 2788 737 2858 persolvat,
758 2789 835 2842 Deus
854 2789 903 2842 tibi
925 2796 1022 2872 (quum
1042 2789 1151 2844 nullum
1163 2799 1360 2846 ornamentum

244 2854 388 2926 merueris)
402 2854 477 2912 dodo
490 2857 536 2922 det
549 2853 631 2912 vitam
647 2856 842 2930 sempiternam
855 2857 956 2914 Christi
968 2860 1122 2914 interventu
1135 2861 1171 2928 (t.
1185 2859 1252 2930 28.)-

319 3002 366 3076 V·
385 3017 417 3078 1.
449 2997 495 3074 Τί
505 2993 576 3077 οὖν
589 3001 766 3102 ἔροῦμενς
794 3002 1084 3101 εἀιμένωμενιτῇ
1100 2986 1284 3102 daupein,
1301 3005 1362 3080 ἵνα

149 3151 152 3168 ι
242 3098 608 3202 ἧχόριςπλεονάσῃς
642 3123 676 3184 2.
698 3104 751 3202 μὴ
765 3105 930 3209 γένοιτο·
962 3109 1094 3190 οἵτινες
1114 3102 1362 3204 ἀπεθάνομεν

242 3214 290 3302 τῇ
304 3203 471 3304 ἁμαρτίᾳ
479 3259 490 3294 ,
516 3213 596 3290 πῶς
608 3207 661 3280 ἔτι
677 3205 838 3304 ζήσομεν
855 3213 896 3286 ἐν
911 3207 1029 3306 αὐτῇς
1057 3226 1095 3288 ’3.
1111 3207 1165 3282 Ἢ
1175 3208 1359 3310 ἀγνοεῖτε,

243 3299 302 3382 ότι
324 3307 405 3383 ὅσοι
421 3306 707 3406 ἐβαπτίσθημεν
721 3315 771 3395 είς
784 3311 954 3411 Χριστόν
976 3309 1189 3414 [innodat]
1227 3317 1278 3408 εἰς
1293 3312 1360 3388 τὸν

241 3405 425 3500 θάνατον
441 3410 559 3485 αὐτοῦ
587 3411 890 3512 ἐβαπτίσθημενς
922 3422 958 3491 4.
987 3411 1269 3514 Συνετόφημεν
1292 3411 1362 3492 οὖν

243 3511 349 3610 αὐτῷ
362 3509 428 3588 όιᾶ
441 3521 511 3588 τοῦ
520 3513 781 3612 βαπτίσματος
795 3521 844 3601 εἷς
857 3517 925 3594 τὸν
938 3513 1131 3602 θάνατον,
1155 3519 1224 3592 ἵνα
1241 3517 1359 3618 ὥςπερ

241 3613 388 3721 ἠγέρθη
409 3616 574 3715 Χριστός
594 3620 634 3692 ἐκ
659 3627 806 3718 νεκρῶν
827 3617 891 3696 drot
908 3614 976 3718 τῆς
991 3615 1100 3716 δόξης
1119 3621 1356 3721 τοῦπατρὸς,

243 3715 343 3793 οὕτω
358 3716 423 3793 καὶ
435 3717 539 3816 ἡμεῖς
554 3723 594 3795 ἐν
607 3717 797 3819 καινότητι
813 3721 910 3819 ζωῆς
922 3719 1244 3820 περιπατήσωμεν.
1272 3729 1356 3800 ulti

241 3818 317 3922 γὰρ
339 3817 531 3921 σύμφυτοι
552 3819 762 3923 γεγόναμεν
784 3833 839 3924 τῷ
862 3823 1071 3922 ὁμοιώματι
1092 3831 1163 3900 τοῦ
1177 3823 1352 3904 θανᾶτου

155 3950 158 3957 ·
242 3922 378 4012 αὐτοῦ,
420 3923 513 3998 ἀλλὰ
533 3923 683 4022 καὶτῆς
704 3923 942 4012 ἀναστάσεως
963 3925 1149 4025 ἐσόμεθα,
1188 3945 1223 4006 6.
1245 3937 1354 4004 τοῦτο

240 4021 488 4127 γινώσκοντες
494 4077 507 4117 ,
530 4021 587 4100 ότι
604 4025 793 4113 όπαλαιὸς
803 4025 921 4127 ἡμῶν.
930 4031 1134 4129 ἄνθρωπος
1148 4052 1355 4126 συνεσταυ-

128 4218 133 4222 .
240 4123 351 4226 ριόθη
364 4127 668 4257 ἵνα-καταργηθῇ
685 4129 729 4215 τὸ
752 4140 861 4230 σῶμα
876 4141 942 4232 τῆς
966 4131 1170 4233 ἁμαρτίας,
1197 4143 1271 4210 τοῦ
1283 4163 1356 4231 μη-

239 4227 319 4302 κέτι
332 4226 522 4308 δουλεύειν
539 4240 638 4329 ημᾶς
653 4238 701 4330 τῇ
721 4231 905 4336 ἁμαρτίᾳ·
942 4245 977 4312 7.
995 4233 1016 4311 ὃ
1039 4234 1115 4338 γὰρ
1139 4236 1357 4313 ἀποθανών

150 4437 152 4447 ,
229 4325 477 4409 deduxerimus
501 4333 575 4412 ἀπὸ
591 4341 658 4434 τῆς
677 4333 873 4440 ἁμαρτίας.
928 4353 962 4418 8.
990 4343 1036 4416 El
1050 4335 1377 4436 ituraeorum.

1041 4665 1050 4697 ί
