2814 5048
217 361 285 476 m
429 354 721 432 nr1sr0nn,
743 355 833 428 'AD
859 351 1134 428 Romanos

218 521 382 605 warni,
399 519 471 607 11.)
491 519 579 587 idem
605 519 778 610 epitheton
797 541 863 588 non
880 521 954 588 sine
972 519 1093 588 idonei
1115 518 1250 586 latione
1272 522 1340 586 ccl·
1401 499 1403 570 ἶ

216 609 368 676 locavit.-
397 610 440 673 ln
455 615 587 698 promtu
602 615 655 674 est
667 613 797 692 autem,
819 625 885 696 ques
903 609 929 676 l.
943 607 1015 697 Ap.
1031 607 1066 672 in
1080 608 1141 673 hoc
1155 628 1227 672 une
1243 627 1339 690 occu7
1401 611 1403 680 ἑ

243 701 320 760 atus
335 694 399 777 sit,
428 702 466 760 ut
481 695 626 760 lectores
643 715 663 756 a
703 692 844 758 accendo
859 695 1008 778 graviter
1026 693 1239 768 absterreat,
1266 713 1338 756 cor·
1401 703 1403 766 j

134 811 135 818 ν
218 717 340 848 datum
354 779 550 868 scriptorem
574 799 639 844 non
658 715 726 845 adiri
752 783 860 844 mente
880 777 978 845 illud.
991 776 1163 868 epitheton
1191 776 1338 869 adjicere
1401 813 1403 878 p

216 868 390 1020 potuisse,
416 864 484 930 nisi
507 871 544 932 nt
558 874 737 954 praecepto
756 887 817 930 suo
833 863 899 930 vim
920 863 1096 930 additurus
1109 865 1249 932 stultum
1266 885 1338 929 esse

235 975 329 1023 acere
352 953 557 1017 eontrarium
584 971 622 1014 ac
650 951 861 1039 praeceperit
884 951 1127 1019 marriiestaret.
1187 950 1340 1016 Absrsrde

220 1040 309 1106 enim
325 1037 376 1106 rei
388 1039 422 1102 te
434 1037 638 1119 committas,
659 1035 820 1126 cujusvis
838 1036 939 1102 simul
952 1058 1025 1102 cunr
1039 1056 1183 1125 corpore
1198 1035 1269 1103 cito
1285 1055 1340 1122 pe-

221 1127 331 1192 ritura
352 1122 418 1206 sit,
451 1131 485 1188 et
505 1123 757 1204 incomidcrete,
785 1129 823 1188 ut
842 1121 878 1187 in
896 1123 966 1212 Ap.
987 1120 1209 1188 similitudine
1232 1121 1341 1224 persi-

222 1218 328 1293 stam,
356 1207 539 1275 inmortali
559 1219 697 1295 corpore
715 1209 950 1293 temporarium
967 1207 1155 1290 dominum,
1185 1227 1244 1271 cur
1265 1205 1341 1271 cloe-

154 1337 159 1350 ·
220 1297 309 1380 diat,
337 1295 456 1359 sellam
473 1293 600 1378 regiam
612 1294 777 1368 collocare
789 1293 899 1375 sinas,
920 1295 1013 1358 nullo
1026 1293 1207 1360 immortali
1226 1293 1341 1372 menti,

219 1381 324 1450 multo
339 1379 463 1470 majore
478 1381 557 1444 curri
573 1379 710 1464 dignae,
731 1385 862 1444 rectore
877 1399 919 1467 ap
966 1379 1045 1449 sito.
1087 1377 1145 1444 Sic
1158 1376 1246 1442 mihi
1263 1378 1342 1443 clim

219 1466 406 1536 ridebatur.
448 1463 598 1550 (Similia
613 1465 738 1530 hahent
755 1465 883 1548 Wetet,
904 1401 1017 1532 ddici.
1033 1471 1068 1530 et
1080 1463 1244 1547 nostru).
1276 1461 1342 1528 Sed

219 1574 307 1620 nunc
321 1549 403 1620 mihi
417 1571 482 1614 non
498 1549 635 1615 dubium
648 1548 798 1630 videtur,
821 1550 902 1637 quin
917 1558 952 1616 et
970 1544 990 1638 ἡ
1008 1545 1173 1636 upupa
1185 1555 1287 1614 acute
1303 1547 1344 1612 ad

219 1641 269 1726 τῷ
295 1637 372 1724 Θεῷ
392 1655 423 1703 ν.
438 1636 494 1704 ·13.
522 1636 690 1702 referatur
719 1643 755 1702 et
779 1633 814 1701 ἐν
839 1638 888 1720 τῷ
917 1637 1057 1722 θνητῷ
1084 1629 1179 1716 ὑμῶν
1208 1631 1342 1715 σώματι

219 1729 293 1832 Ap.
316 1721 524 1804 exaraverit,
561 1727 600 1788 ut
619 1721 700 1786 haec
721 1743 753 1788 r.
776 1721 946 1804 vocabulis
967 1743 999 1789 ν.
1016 1721 1069 1787 13.
1096 1712 1141 1796 ὡς
1159 1715 1198 1784 ἐκ
1217 1719 1343 1805 νεκρῶν

224 1809 347 1892 ζωντας
361 1806 511 1892 graviter
525 1813 713 1895 opponeret
721 1807 839 1875 -h.·m.:
866 1807 981 1874 Nolite
989 1804 1340 1891 puteetmempermit-

220 1904 291 1963 turc
307 1895 446 1960 Poeante
469 1893 506 1956 iu
523 1899 630 1958 uestro
655 1893 831 1958 mortali
853 1913 984 1976 corpere
1004 1893 1053 1957 itu
1067 1897 1104 1956 ut
1120 1889 1169 1954 ilii
1186 1889 1340 1955 obsecun-

220 1979 306 2046 detis
319 1982 452 2084 (neane
470 1977 532 2042 hcc
548 1979 687 2042 stultum
702 1984 773 2059 est,
801 1985 835 2043 ct
858 1977 938 2066 quia
959 1972 1201 2045 abominandus
1214 1983 1271 2039 est
1286 1973 1341 2038 dc-

220 2067 331 2131 minus
348 2057 591 2150 [ηἉμαρτία],
622 2086 642 2128 a
670 2085 736 2150 quo
756 2072 904 2129 vestrum
925 2083 1048 2151 corpus
1078 2060 1340 2146 segregaveritis

137 2220 142 2229 ,
220 2173 253 2226 v.
267 2154 318 2232 6,,
352 2156 387 2215 et
406 2149 561 2235 quoniam
586 2149 645 2236 qui
663 2149 739 2213 hnic
759 2150 947 2214 ministrum
964 2169 1001 2212 se
1020 2146 1160 2236 praebet
1179 2144 1291 2210 adhuc
1307 2146 1339 2210 in

221 2235 356 2304 mortali
371 2255 510 2336 corpore
533 2233 674 2299 haerere
694 2256 755 2299 noc
770 2235 838 2298 nisi
852 2233 1005 2338 propolis,
1039 2251 1123 2320 quac
1146 2232 1253 2296 horae
1272 2254 1339 2296 mo

120 2325 122 2338 '
221 2327 332 2388 mento
349 2319 445 2384 finire
467 2319 595 2406 possit,
623 2319 713 2385 vitae
727 2321 918 2387 meminisse
933 2317 1091 2403 videtur).
1133 2315 1181 2384 V.
1199 2319 1256 2385 13.
1278 2317 1339 2383 Sed

104 2416 107 2420 '
222 2407 330 2494 sistite
352 2425 406 2471 oce
427 2405 499 2472 Deo
518 2411 676 2492 tunquam
700 2427 754 2470 cm
775 2405 948 2472 mortuis
970 2405 1169 2483 cicentes.
1192 2403 1336 2490 (seilicet

157 2551 158 2556 ,
220 2489 422 2558 hoc'ccrdcti
436 2489 621 2556 Christiani
634 2497 687 2555 eet
698 2495 770 2555 tum
789 2487 877 2578 quod
896 2489 969 2582 ejus
984 2490 1087 2556 vitam
1103 2487 1146 2552 ad
1159 2488 1275 2554 Deum
1289 2506 1337 2552 ro·

180 2594 184 2604 ¹
219 2577 304 2644 ferri
313 2581 446 2665 oportet
454 2595 485 2643 v.
496 2577 559 2657 ll.,
573 2583 642 2640 tum
651 2576 875 2663 quoniamhec
884 2583 980 2666 pacto
987 2575 1108 2640 mentis
1122 2575 1229 2640 aciem
1243 2574 1279 2639 in
1289 2595 1338 2641 re-

207 2663 318 2743 ceati,
330 2662 475 2746 menni,
489 2659 680 2747 deniqueeai
689 2663 777 2744 uitri,
789 2659 1339 2747 cuiseseaddixerit(el.v.3.-9.)

220 2747 367 2833 deligere
382 2753 473 2811 recte
482 2745 683 2836 judicatur).
700 2747 822 2833 Magna
835 2755 888 2814 cst
902 2749 1125 2836 interpretum
1139 2746 1181 2811 de
1197 2744 1339 2834 epitheti

126 2848 138 2865 ·
221 2835 370 2920 (θνητῷ)
383 2831 417 2896 vi
431 2829 610 2900 dissensio.
655 2834 782 2917 Chrys,
806 2834 1007 2914 lheodcret,
1027 2831 1219 2916 Thecplurl,
1232 2831 1338 2912 ὂντα,

186 2987 189 2998 ,
224 2919 374 2985 Tholucc.
388 2917 435 2984 al.
449 2938 570 3006 corpus
585 2919 723 2985 mortale
737 2920 941 3008 appellatum
957 2939 1036 2983 esee
1050 2915 1209 3002 credunt,
1236 2923 1275 2980 nt
1288 2915 1339 2978 fa·
1401 2917 1402 2920 ’

177 3049 180 3052 -
218 3005 316 3070 cilom
332 3003 447 3092 potius
464 3023 562 3091 quam
576 3004 714 3069 arduam
736 3005 885 3070 remsihi
899 3004 1060 3093 imperari
1074 3001 1220 3068 Romani
1235 3001 1340 3067 senti·

218 3095 295 3157 rent
308 3109 390 3153 neve
400 3086 619 3156 formidarent
631 3090 766 3156 labores
781 3088 868 3154 haud
883 3089 963 3155 sane
975 3088 1170 3157 diuturnos:
1183 3110 1226 3154 ne
1236 3087 1339 3173 igitur

140 3183 143 3200 ²
220 3179 422 3275 potestatem
437 3169 614 3277 Peccatum
633 3173 758 3284 habene
778 3175 898 3242 sinatis
918 3175 953 3240 in
975 3167 1090 3242 vestio
1110 3175 1245 3242 mortali
1269 3195 1339 3238 cor-

103 3383 115 3400 .
220 3265 1343 3434 tllt'at·illusissettrelllelttffltlslll:

148 3491 150 3496 .
220 3454 302 3537 pore
316 3428 495 3497 Peccatum
519 3430 697 3500 dominum.
745 3431 814 3498 Sed
829 3455 936 3521 neque
952 3434 1037 3498 satis
1060 3432 1239 3536 perspicue
1255 3428 1343 3519 quod

220 3518 274 3585 rlli
292 3517 407 3584 volarat
419 3517 578 3602 sololvoc.
586 3517 702 3604 θνητῷ
714 3519 922 3584 enuntiatum
935 3525 999 3601 cst,
1016 3540 1172 3606 nequem
1188 3517 1253 3582 haic
1268 3538 1342 3583 ver-

219 3604 338 3670 borum
353 3602 596 3690 complexione,
624 3602 856 3686 chillemont,
877 3610 916 3669 ut
931 3601 1074 3672 Peccato
1092 3603 1173 3679 nihil
1190 3601 1262 3668 loci
1277 3602 1342 3667 rel·

219 3690 392 3776 linquant,
419 3693 614 3767 monentur,
641 3687 703 3753 hoc
715 3689 869 3776 ignavum
884 3690 995 3778 placet
1010 3689 1081 3756 sive
1094 3688 1259 3764 solatium
1274 3689 1342 3753 sire

103 3827 108 3840 ,
222 3772 461 3848 admonitionis
474 3780 722 3857 argumentum:
747 3795 812 3840 aaa
825 3772 900 3862 fare
915 3775 957 3842 iis
971 3775 1026 3842 dia
1043 3775 1281 3856 talerandum,
1310 3776 1341 3836 ct

221 3859 399 3926 manifesta
415 3879 458 3949 op
482 3858 581 3922 esitio
597 3858 705 3946 perit,
726 3859 793 3946 quai
805 3859 859 3924 hic
874 3881 924 3929 vs.
938 3859 980 3924 ad
997 3859 1178 3930 membrum
1194 3859 1341 3927 affirma-

220 3941 365 4013 tiv'umv.
380 3943 432 4011 13.
470 3939 533 4010 λλὰ
545 3939 787 4030 παραστήσατε
800 3985 842 3994 -
859 3942 981 4024 ζῶντας
992 3947 1138 4012 refertur
1151 3949 1199 4031 (u.
1208 3967 1249 4009 su
1279 3946 1342 4026 ra).

137 4069 139 4076 ,
216 4029 314 4098 *Vcn.
334 4026 546 4114 Rcehm.'(el.
565 4027 1004 4112 schleusn.·Lex.1,1074.
1026 4037 1061 4096 et
1083 4031 1174 4116 Orip.
1194 3967 1295 4096 adh.
1307 4029 1343 4109 l.,

222 4116 317 4212 cujus
330 4114 387 4191 hic
400 4135 534 4218 (puroque
548 4111 723 4181 verbosior
746 4137 844 4218 quani,
862 4116 985 4221 claripr
1000 4116 1240 4222 interpretatio
1254 4115 1342 4220 estl:

221 4205 474 4373 anilium
490 4199 1264 4390 ,tituletis“lllllefltltltlllmtt
1280 4286 1292 4350 o
1306 4222 1344 4347 ’ἐξ

223 4375 336 4462 potest
350 4368 436 4435 mori
449 4375 482 4436 et
493 4371 586 4437 debet
606 4363 673 4457 (l),
701 4392 758 4461 np.
779 4371 919 4440 devictis
935 4373 1049 4462 pravis
1065 4369 1343 4521 eupiditatihffi
