2814 5048
109 303 303 424 ‘'aue
451 339 1157 428 nrrsronnnuuounu0s

237 507 287 598 μῆ
296 511 475 599 χρωμένων
490 509 585 598 αὐτῇ.
635 509 705 598 Qui
722 507 812 596 quod
834 527 914 574 suae
932 503 1084 596 opinioni
1096 501 1305 594 praesidium
1318 503 1348 568 in

239 619 273 666 v.
286 598 348 662 τοῦ
365 593 485 698 ppetuu
501 597 533 664 d.
546 591 567 682 ἡ
580 618 610 662 τ.
619 592 652 660 ἅ.
667 595 851 684 quaesivit,
871 615 981 680 neque
997 593 1078 658 haec
1089 613 1178 658 rece.
1193 587 1239 654 ad
1249 595 1348 654 totam

110 737 115 754 .
239 681 502 748 enuntiationem
520 675 575 748 dra
597 677 672 748 du.
691 673 722 770 ἡ.
744 679 778 746 di.
799 699 848 755 σ.,
885 675 940 744 ‘t'va
954 703 983 742 κ.
999 699 1030 744 τ.
1045 697 1077 742 σ.
1094 693 1123 741 τ.
1139 669 1191 757 οἱ,
1226 673 1349 740 nonad

240 768 315 834 sula
329 788 362 837 v.
376 762 432 832 tva
445 788 518 835 κατ.
531 787 560 830 τ.
576 785 608 831 σ.
619 788 651 832 τ.
667 763 700 832 ἆ.
719 765 893 854 pertinere
915 763 1084 851 reputavit
1104 766 1139 828 et
1152 761 1240 826 male
1255 781 1347 824 euar-

239 854 331 920 ravit
351 851 522 918 δουλεύειν
541 851 739 930 mancipium
757 871 832 926 esre
844 853 898 936 (v.
909 871 1011 936 supra
1025 848 1069 916 cl.
1085 869 1117 914 r.
1134 848 1217 930 12.).
1266 845 1295 910 F
1298 867 1347 908 ru-

240 943 313 1004 stra
326 936 467 1019 Herm„
483 935 615 1021 ,Kepp.,
634 934 788 1001 Reicitur
846 937 880 1001 ui
898 957 940 999 ex
955 954 1095 1020 corpere
1109 938 1291 998 mirmiram
1306 931 1349 994 ie-

240 1024 306 1099 cit,
328 1022 352 1087 i.
368 1043 399 1088 e.
414 1013 432 1086 ὁ
446 1014 531 1108 θήρ,
554 1016 594 1084 τὸ
607 1015 747 1110 θηρίον)
760 1015 805 1087 ali
845 1065 867 1101 .,
888 1028 927 1084 ut
940 1019 1166 1106 metaphoram
1181 1016 1348 1082 continua·
1392 1035 1393 1048 ²

131 1157 136 1180 .
239 1113 311 1190 ret,
330 1112 503 1196 peccatum
517 1106 574 1170 hic
585 1125 725 1194 corpore
737 1103 995 1172 circumdedisse
1008 1107 1243 1188 observarunt.
1273 1101 1349 1168 Cor-

177 1235 184 1248 ·
239 1215 304 1284 pus
319 1193 455 1257 enimin
469 1212 600 1256 erucem
615 1195 724 1256 actum
741 1198 896 1271 necatur,
917 1211 983 1270 nun
999 1192 1183 1278 peccatum.
1225 1183 1350 1274 Nempe
1392 1227 1393 1274 ,

241 1277 331 1366 quod
344 1275 385 1341 de
404 1284 538 1362 peccatu
561 1276 718 1362 hiemale
738 1275 926 1355 diceretur,
954 1296 1027 1364 qtae
1047 1275 1089 1340 id
1109 1273 1351 1340 aboleretur

156 1399 158 1406 >
239 1371 380 1430 ueterem
393 1369 540 1428 nostram
552 1361 691 1428 tudetem
705 1363 794 1428 ariaci
806 1359 952 1512 apfimam
965 1383 1035 1426 ecee
1046 1364 1094 1447 (r.
1109 1361 1243 1447 supra),
1266 1355 1352 1422 idem

239 1469 307 1530 uun
320 1447 446 1513 rectius
460 1445 502 1512 de
514 1467 646 1532 corpure
659 1447 787 1534 peccati
802 1469 820 1513 a
840 1447 1041 1528 firmaretur,
1063 1453 1165 1531 quum
1180 1448 1219 1508 ut
1237 1443 1273 1508 in
1290 1463 1352 1506 me-

240 1532 384 1622 taphoric
424 1531 627 1620 persisteret
665 1553 787 1620 corpus
831 1538 966 1620 peccate
1007 1531 1156 1618 scriptur
1192 1527 1354 1594 dedisset.

238 1617 366 1685 Eodem
382 1625 577 1702 argumento
597 1638 711 1682 eorum
726 1617 839 1706 opinio
860 1618 1042 1699 evertitur,
1068 1616 1128 1702 qui
1148 1614 1355 1700 (Theophyi,

240 1705 337 1772 (ἑνοῖ.
352 1705 415 1786 al.)
423 1725 491 1769 ree
506 1703 689 1790 longinquo
699 1703 845 1792 repetiti
862 1707 997 1791 peccato
1012 1708 1192 1790 prepterea
1208 1699 1268 1772 liic
1284 1721 1354 1764 cor·

239 1811 305 1880 pus
326 1788 432 1854 tribui
453 1794 645 1870 autumant,
678 1788 770 1874 quia·
783 1809 854 1854 cem
879 1811 960 1874 ages
983 1788 1030 1852 sit
1051 1784 1213 1873 quaedam
1240 1785 1355 1850 multis

240 1879 398 1940 constans
415 1874 573 1940 membris
593 1873 618 1941 i.
632 1895 663 1940 e.
683 1873 790 1941 vitiis.
826 1883 842 1916 ι’
882 1897 954 1940 emo
968 1879 1079 1938 autem
1094 1871 1155 1937 hac
1175 1871 1305 1974 aspersi
1324 1875 1353 1935 et

104 1953 106 1961 ’
239 1957 375 2026 inficeti
389 1960 611 2024 translatione
623 1980 706 2023 usus
720 1957 759 2025 τὸ
774 1963 867 2042 σῶμα
881 1965 940 2048 τῆς
953 1954 1089 2046 ἀρετῆς,
1110 1956 1171 2058 τῆς
1187 1952 1354 2040 αμαρτίας

239 2044 348 2126 dixit,
374 2045 518 2110 utillum
534 2044 650 2111 multis
662 2043 863 2126 virtutihus,
892 2044 975 2109 hanc
989 2043 1104 2108 multis
1117 2041 1212 2108 vitiis
1224 2041 1353 2105 absolvi

240 2130 458 2232 significaret.
491 2129 650 2264 “Temere
664 2150 743 2195 saue
762 2131 859 2195 multi
870 2129 921 2231 'ad
933 2127 1008 2197 col.
1020 2131 1053 2230 d,
1067 2129 1101 2195 5.
1120 2132 1354 2278 prqyecarupp:

239 2214 1352 2387 tittd.t?t”.tctt‘tttt.tt.tt‚q¹.¹.¹..;{⁰t³t⁰t¹t“.2t³ttt...

240 2385 371 2488 ferreqt
387 2382 445 2468 (ad
465 2382 551 2472 μέλη
570 2379 662 2484 duni?
689 2378 740 2448 cd
768 2383 841 2486 spi
861 2387 933 2468 τῆς
950 2385 1030 2536 Ιγὶῆς
1052 2384 1096 2479 cf.
1117 2383 1237 2451 acor.
1254 2384 1299 2466 5,
1316 2385 1354 2466 l.)
1392 2443 1393 2486 ξ

241 2491 354 2536 vocari
376 2469 444 2536 sriu
463 2475 683 2560 persuaserit.
741 2468 834 2555 Qum
854 2471 935 2536 haec
983 2491 1103 2537 .mens
1117 2474 1190 2536 est:
1226 2475 1352 2536 enecate
1392 2489 1393 2512 ¹

240 2554 394 2644 corporis
411 2555 518 2622 vestri
537 2554 684 2620 membra
705 2557 841 2642 quaein
861 2562 973 2622 terrae
986 2555 1067 2620 urhe
1081 2552 1287 2640 (libidinosa
1303 2554 1356 2618 illa
1392 2523 1393 2564 1

138 2663 142 2670 ’
240 2642 444 2727 minimeque
465 2639 585 2706 idonea
609 2637 726 2708 2Ccr.
745 2640 785 2722 5,
806 2642 855 2726 l.)
881 2641 1014 2708 habetis
1043 2643 1115 2729 (up.
1138 2639 1355 2724 cupiditatum

242 2748 325 2812 quas
339 2725 519 2792 accendunt
534 2725 654 2818 ardere
666 2727 856 2811 restincto),
877 2724 1029 2808 enecate,
1050 2747 1209 2811 mquam,
1232 2729 1357 2790 scerta-

109 2864 111 2873 .
240 2811 385 2892 tionem,
406 2810 632 2899 impuritatem
647 2818 710 2877 etr.
725 2811 772 2895 (v.
787 2815 918 2962 supra).
961 2811 1046 2878 che
1058 2807 1099 2876 τό
1113 2811 1213 2892 σῶμα
1226 2819 1290 2896 τῆς
1303 2803 1357 2891 ἂμ.

69 2981 72 2994 ¹
177 2941 179 2945 -
241 2899 372 2986 peccati
389 2903 543 2961 umerum
560 2897 796 2981 (essentiam),
851 2897 953 2964 ornet.
970 2895 1134 2980 cLapide
1153 2900 1263 2961 iotam
1282 2915 1359 2983 peu.

174 3035 177 3046 .
240 2987 391 3046 catarum
405 3001 549 3046 muscam
562 2981 711 3068 exponit.
730 2991 733 2996 '
753 2980 819 3047 Rei
833 2981 1014 3069 essentiam
1026 2981 1067 3047 τὸ
1078 2979 1177 3062 σῶμα
1191 3001 1358 3067 nusquam

242 3065 401 3148 denotat,
428 3065 498 3132 nisi
518 3063 607 3154 apud
627 3065 847 3168 philosophos
866 3075 904 3132 et
922 3067 981 3133 uhi
994 3067 1110 3134 umbra
1125 3066 1177 3130 rei
1196 3062 1234 3167 (ἢ
1252 3063 1359 3152 σκιά),

128 3171 129 3176 ’
164 3157 166 3162 ’
202 3161 205 3184 “
242 3174 328 3241 quae
344 3151 456 3218 inanis
473 3156 546 3232 est,
565 3151 634 3238 ipsi
648 3152 698 3216 rei
712 3150 841 3218 solidae
862 3155 925 3244 (aqi
940 3148 1089 3237 σώματι)
1106 3157 1293 3239 opponrtur
1312 3152 1359 3236 (v.

239 3240 446 3327 interpretes
464 3235 508 3300 ad
523 3235 596 3319 col,
611 3237 645 3316 2,
662 3223 743 3320 lt).
786 3235 942 3303 Massam
954 3235 994 3306 τὸ
1008 3241 1105 3318 σῶμα
1117 3242 1256 3302 auctore
1278 3235 1361 3301 Tao-

240 3323 346 3388 iuceio
367 3321 523 3408 designat
536 3321 687 3388 Aristot.
701 3319 872 3390 Problem.
887 3323 943 3406 24,
957 3325 992 3409 9.
993 3370 1007 3408 ,
1028 3321 1088 3387 uhi
1101 3343 1134 3390 v.
1149 3319 1191 3387 τὸ
1206 3322 1310 3404 σῶμα
1325 3317 1361 3384 τὸ

239 3408 303 3472 noc
316 3403 440 3483 ὕδατος
458 3407 527 3470 πᾶν
537 3408 705 3492 legantur.
750 3406 826 3510 on
838 3408 882 3490 1.,
903 3429 1000 3495 quem
1019 3408 1105 3472 male
1118 3406 1261 3474 citatum
1278 3427 1360 3471 ncn-

120 3517 123 3527 ’
214 3517 226 3564 ,·
242 3489 323 3558 dum
344 3490 518 3580 repperire
538 3491 651 3581 potui,
685 3490 725 3558 cd
750 3511 847 3575 σωμα
869 3515 993 3596 corpus
1021 3491 1194 3558 declarare
1213 3489 1364 3574 videtur,

293 3598 426 3642 cseusu
440 3575 485 3665 ph
510 3573 620 3644 sicile
645 3575 734 3644 idem
749 3596 870 3667 corpus
887 3575 1362 3666 ducunt(Aristot.Preblem.

243 3599 300 3744 dd,
313 3661 443 3729 zeta.
501 3664 612 3731 uciuu.
664 3663 743 3731 itur.
763 3664 875 3729 auctio
891 3687 920 3732 c.
933 3665 1017 3750 25.).
1065 3663 1219 3733 Aristct.
1242 3661 1363 3730 Probi.

243 3747 301 3830 24,
314 3749 347 3814 9.
361 3747 459 3830 σῶμα
470 3755 524 3812 est
541 3749 679 3832 pondus.
730 3747 799 3814 Sed
817 3755 856 3816 ut
870 3754 977 3815 tetum
994 3749 1044 3814 rei
1059 3749 1221 3814 ambitum
1239 3747 1364 3816 Graeci
1392 3791 1393 3834 ,

243 3824 286 3897 cd
306 3833 402 3916 σῶμα
425 3833 577 3898 vocarint
594 3831 828 3922 dixerintque,
855 3834 1023 3922 quod-non
1037 3833 1155 3918 credo,
1180 3831 1248 3900 hec
1264 3854 1362 3900 sensu
1392 3869 1393 3872 ¹

246 3915 286 3981 cd
299 3921 396 3999 σῶμα
409 3919 470 3982 τοῦ
487 3915 605 4005 ἀέρος,
626 3921 687 3984 τοῦ
702 3920 826 3996 ὕδατος
839 3930 921 4004 ete,
932 3918 1004 3986 ¹ede
1019 3920 1113 4002 mihi,-
1134 3919 1194 4008 qui
1206 3917 1248 3984 cd
1266 3922 1363 4002 σῶμα
1392 3933 1393 3954 ¹

244 4002 307 4086 τῆς
321 4001 460 4090 ἀρετῆς,
488 4003 548 4090 τῆς
569 3996 735 4088 ἁμαρτίας
748 4004 904 4088 virtutis,
933 4005 1061 4094 peccati
1075 4027 1222 4071 massam
1238 4004 1364 4092 (ambi-

119 4093 121 4099 ’
244 4088 333 4168 turn)
347 4089 572 4190 usurpaverit.
615 4086 825 4176 Quamquam
845 4113 886 4156 ne
903 4091 1069 4156 sententia
1083 4089 1219 4178 quidem
1235 4091 1367 4156 alteru-

245 4177 333 4239 tram
354 4173 611 4260 explicatiunem
630 4173 769 4262 recipit,
808 4174 1075 4264 quandoquidem
1092 4175 1284 4265 pristinum
1308 4197 1366 4240 nc·

234 4262 353 4356 strum
370 4257 540 4343 ingenium
552 4259 588 4323 in
600 4279 730 4327 crucem
745 4261 964 4343 sustulimus,
992 4273 1100 4352 n'eque
1116 4267 1156 4328 ut
1166 4261 1307 4351 peccati
1322 4285 1369 4329 es-

202 4435 208 4452 ·
243 4346 383 4408 rentiam
402 4345 616 4426 tolleremus,
649 4365 757 4431 neque
788 4351 825 4410 ut
853 4353 959 4414 totam
974 4351 1188 4432 peecatorum
1214 4369 1367 4416 marcum
