2814 5048
407 301 410 316 '
502 293 626 412 'cau
646 343 718 410 ·v1.

456 514 770 646 ‘couvre
858 541 861 548 “

383 688 826 788 succursurum.
891 697 893 706 ’
959 691 962 702 ’

93 863 95 868 ’
130 847 225 917 Inepte
237 863 268 898 ex
282 839 332 915 iis,
350 865 419 918 quae
434 847 519 904 modo
532 847 646 910 diximus
662 847 687 914 5,
700 850 743 902 20.
757 838 821 914 dh,¹
840 829 912 902 h'anc
921 845 1081 918 flagitiosam
1094 865 1161 900 sen·

52 917 302 978 tentiamerueres:
337 927 381 969 est
403 917 561 974 hominibus
583 919 679 971 christ.
696 921 726 970 in
747 919 888 982 peccando
905 913 1161 982 perseverandum,

53 1007 104 1056 quo
123 986 258 1051 copiosior·
277 993 304 1036 et
318 981 615 1054 opulentr‘nrcssxsistot
626 986 682 1040 din.
694 985 845 1046 elementia
857 987 893 1054 (r.
906 989 954 1050 1.).
989 983 1059 1038 Nam
1073 997 1160 1058 quum
1182 1005 1183 1010 ¹

17 1109 21 1122 ,
50 1054 170 1114 homines
192 1053 284 1106 christ.
309 1052 330 1106 ii
350 1055 450 1123 simus‚'
473 1055 519 1125 qui
542 1057 622 1108 vitam
635 1055 755 1124 peccatis
769 1054 1084 1126 dicatam'posuerim'us,
1108 1075 1161 1106 uo·
1220 1095 1227 1124 ,Ι

51 1125 132 1180 slrurn
145 1122 195 1194 ipsi
209 1121 350 1192 ingenium
366 1144 538 1184 exueremus.
562 1123 745 1178 siChristiani
761 1121 833 1185 ¹facti
854 1123 1160 1198 peccatanobiriudul·
1240 1155 1243 1167 ι

52 1211 173 1266 geremus
188 1197 222 1259 (v.
236 1195 286 1262 2.).
322 1192 434 1264 Quippe
448 1213 530 1254 nemo
544 1187 665 1264 ignorat,
678 1233 680 1238 .
692 1199 827 1264 quotquot
840 1193 973 1264 baptismo
993 1190 1091 1245 initiati
1104 1199 1160 1245 'ssi-'-

51 1282 108 1316 mus
122 1262 248 1324 Christo,
270 1259 373 1330 Christi
390 1262 473 1316 morti
493 1265 587 1332 (quam
606 1261 708 1324 reditus
727 1281 758 1316 ex
776 1258 869 1314 inferis
885 1264 1015 1330 'sequutus
1032 1263 1081 1331 est)
1101 1264 1158 1330 tuni

51 1351 131 1404 quum
154 1330 322 1399 lavaremur,
346 1333 480 1401 oppetitae
507 1330 628 1394 initiatos
648 1331 822 1399 esse,(r.fl.).
859 1327 1066 1399 Sepultir‘gr’tur
1087 1331 1117 1397 (i.
1133 1349 1158 1385 e.

50 1402 108 1472 quia
121 1399 219 1454 Christi
235 1418 311 1452 mors
325 1418 409 1471 quum
423 1397 653 1472 baptizaremurp'
667 1418 759 1453 mersu
774 1401 802 1452 in
815 1417 928 1473 aquarn,
952 1397 1159 1469 sepultor-resil-

50 1469 178 1536 mulacro,
195 1467 277 1522 nobis
289 1467 364 1522 illata
377 1480 416 1522 est
431 1490 455 1521 v.
472 1469 514 1536 3.)
527 1467 624 1522 sumus
634 1465 733 1524 Christi
754 1468 812 1551 (qui
825 1468 965 1524 funeratus
978 1467 1006 1519 in
1020 1466 1104 1523 vitam
1117 1485 1170 1540 re·x

50 1538 106 1606 diit)
119 1555 191 1590 exem
215 1539 258 1604 lo,
277 1546 307 1590 ut
321 1538 553 1609 quemadmodum
566 1538 597 1590 in
604 1541 692 1592 uitam
699 1538 860 1612 (physicam)
867 1539 1013 1589 restitutus
1025 1545 1069 1588 est
1078 1535 1160 1590 Chri-

50 1618 102 1660 stus
115 1626 144 1658 er
155 1558 251 1665 ¹indicis
261 1607 315 1662 Dei
331 1607 478 1677 majestate,
491 1607 526 1660 ita
534 1607 583 1660 no's
591 1607 813 1678 quoquenoodm
825 1605 909 1660 vitam
918 1622 1057 1674 ageremus
1067 1607 1103 1674 (v.
1112 1600 1157 1674 4.).

49 1675 141 1746 Neque
153 1675 228 1741 enim
243 1677 422 1730 metuendum
436 1685 492 1742 est,
521 1677 616 1746 nequi
630 1677 728 1729 mortis
744 1676 901 1729 societatem
916 1692 980 1726 cum
992 1671 1103 1726 Christo
1117 1673 1159 1726 iu·

47 1746 132 1808 limus,
150 1743 179 1812 in
196 1744 278 1798 vitam
288 1744 395 1816 reditus
411 1743 569 1798 societatem
585 1745 760 1818 repudiemus
773 1743 975 1812 (rerivisoemus
988 1743 1099 1813 igiturr,
1110 1742 1159 1812 5·).

12 1839 13 1842 ¹
48 1815 106 1868 Ja'm
121 1814 323 1885 reputabimus,
348 1825 470 1868 veterem
484 1823 606 1868 nostram
622 1825 690 1885 quae
709 1812 832 1886 peccarit
846 1831 989 1881 personam
1003 1810 1077 1865 velut
1091 1831 1157 1865 cro·
1190 1845 1191 1852 κ

48 1883 84 1937 cis
100 1883 239 1953 supplicio
260 1903 316 1954 quo
332 1882 454 1936 Christus
464 1882 587 1968 'allectus
606 1892 644 1937 est
659 1878 785 1953 periisse,
804 1891 907 1958 ⁸morte
922 1890 1012 1934 autem
1026 1879 1157 1936 affectum

47 1971 101 2004 uon
117 1969 232 2024 peccare
246 1953 319 2018 (ny.
354 1951 426 2004 Hinc
437 1953 471 2004 ita
486 1952 690 2012 reviviseemus,
714 1965 744 2006 ut
761 1952 882 2006 inritam
897 1949 1013 2002 restituti
1027 1969 1083 2002 nou
1096 1954 1158 2015 pri·¹

47 2026 164 2081 slusam,
181 2031 228 2074 aut
240 2019 417 2090 flagitiosam,
434 2019 517 2072 vitam
531 2021 658 2090 degamus
671 2051 704 2062 -
720 2020 768 2096 qui
783 2017 856 2072 euim
870 2027 948 2074 vetus
961 2035 1076 2088 persona
1090 2039 1158 2091 pec-

47 2101 87 2144 cet
98 2089 258 2156 interiecta,
278 2109 363 2160 quum
377 2090 460 2156 horno
475 2098 600 2142 mortuus
614 2109 672 2144 non
690 2083 803 2164 peccet?
821 2117 856 2128 -
879 2089 924 2142 sed
938 2103 1043 2138 utrumn
1058 2098 1084 2140 et
1103 2089 1158 2142 ho·
1216 2126 1217 2132 ,

46 2167 145 2212 uestam
157 2159 239 2214 vitam
251 2159 384 2214 vivamus
402 2157 438 2220 ,ct
454 2180 477 2214 v.
492 2155 541 2224 4.).
583 2158 612 2211 Si
628 2170 718 2213 autern
739 2157 840 2211 mortui
859 2175 1030 2210 sumuseum
1047 2155 1156 2228 Christo¹
1208 2151 1213 2171 ¹

46 2226 112 2292 (scil.
122 2245 154 2280 eo
169 2228 243 2296 quod
258 2229 338 2281 vitam
354 2227 468 2298 impuris
481 2226 576 2280 studiis
590 2225 947 2298 inquinatam=posuimus'·v·
957 2224 1050 2295 atqu,
1075 2225 1156 2280 etiam

46 2297 162 2350 victuros
176 2297 321 2364 uosvitam
336 2293 442 2368 qualern
460 2293 583 2362 Christus
596 2296 691 2351 habeat
711 2296 848 2351 credimus
862 2297 900 2362 (r.
912 2294 950 2362 8.)
973 2313 1060 2365 neque
1073 2293 1167 2348 Chri-⁴

45 2373 113 2416 stum
128 2365 196 2420 vitae
207 2365 345 2420 redditum
361 2385 418 2418 non
433 2365 531 2416 iterum
545 2365 710 2418 moriturum
723 2385 779 2420 esse
793 2363 952 2434 ignoramus
966 2361 998 2430 (i.
1011 2383 1036 2434 q.
1047 2367 1097 2415 hnc
1113 2375 1157 2418 est
1173 2364 1176 2374 ¹

44 2435 250 2486 nouumuitam
269 2453 323 2488 nos
341 2441 559 2500 perpetuam
585 2436 675 2486 vitam
695 2432 918 2502 hadr'tur'osesse
937 2451 994 2486 non
1017 2433 1155 2487 nescimus

33 2501 262 2574 ¹v.9.).·,lll'lorsin
272 2501 410 2556 Christum
424 2519 482 2568 uon
494 2499 616 2568 amphias
630 2503 789 2560 dominatur
799 2503 840 2566 (v.
850 2501 901 2566 9.).
929 2499 998 2552 Nam
1014 2518 1095 2571 quam
1111 2523 1156 2556 oc·

43 2569 139 2624 cubuit
150 2580 280 2638 mortem,
292 2589 322 2623 ea
337 2570 370 2622 ad
381 2578 522 2640 peccatum
537 2571 584 2638 (ad
599 2569 703 2642 peccati
715 2568 896 2634 amotionem)
909 2570 1059 2638 pertinebat
1070 2568 1156 2626 se'mel

44 2730 264 2747 ἡ

108 2829 217 2886 Deinde
235 2829 309 2902 quod
327 2828 359 2883 P.
376 2813 498 2882 Decima
516 2819 610 2884 rerum
629 2825 788 2901 primordiis
805 2839 890 2902 usque
908 2822 941 2877 ad
962 2821 1063 2876 Christi
1079 2833 1153 2881 tem·
1221 2881 1222 2890 ἵ

108 2902 176 2972 poia
195 2901 286 2954 omnia
305 2899 419 2953 consilia
438 2919 471 2952 eo
489 2899 640 2961 rettulisse,
657 2907 687 2950 ut
705 2905 880 2967 peccatorum
900 2893 1008 2946 veniam
1027 2893 1155 2964 aliquan·

109 2971 146 3023 do
165 2969 387 3041 hominihusper
403 2967 539 3022 Christum
555 2969 631 3021 daret
644 2965 771 3020 indicavit
790 2965 825 3034 (r.
842 2963 885 3014 12.
901 2959 942 3014 14.
957 2962 1000 3014 20.
1014 2961 1081 3030 at),
1097 2961 1153 3016 hoc

61 3069 62 3072 ¹
98 3059 174 3092 'eum
194 3039 252 3110 non
271 3035 411 3104 offendet,
438 3037 618 3108 quirl'a'ulum
637 3035 728 3088 omnia
740 3036 780 3087 sd
797 3033 868 3088 hanc
885 3029 1046 3085 seutentiam
1059 3049 1152 3086 revo-

109 3127 183 3164 casse
207 3105 439 3160 consideraverit:
469 3124 528 3172 non
551 3105 661 3159 aliunde
679 3103 804 3160 homines
822 3101 936 3154 salutem
955 3110 1045 3170 petere
1064 3119 1152 3172 posse,

99 3171 162 3230 ,nisi
180 3198 195 3231 a
215 3175 267 3230 Dei
286 3172 447 3242 clementii,
466 3193 535 3244 quae
551 3185 655 3245 patrata
676 3180 784 3242 peecata
799 3167 939 3222 oblivione
959 3169 1060 3222 obruat
1076 3178 1122 3220 aut
1135 3187 1152 3222 e

107 3247 162 3299 fide
184 3247 220 3312 iu'
233 3244 341 3298 Christo
366 3241 515 3316 collocati,
545 3243 647 3314 quique
665 3239 827 3310 Apostolum
852 3236 1153 3308 malefactorum'cou-

108 3315 252 3370 scieutiam
270 3313 454 3366 momordisse
473 3314 644 3376 meminerit,
668 3311 765 3380 quibus
784 3308 851 3362 olim
869 3304 1040 3378 relligionem
1055 3305 1150 3360 christ.

106 3385 134 3438 h.
152 3404 178 3438 e.
196 3383 314 3438 salutare
328 3379 383 3436 Dei
400 3381 553 3436 institutum
569 3379 680 3434 inimice
696 3379 842 3431 insectatus
860 3386 929 3428 esset
948 3373 974 3442 (1
988 3377 1054 3428 Cor.
1071 3375 1113 3442 15,
1122 3377 1150 3434 9.

108 3453 316 3519 1Tim.1,18.).
353 3450 446 3502 Porro
463 3471 496 3504 ne
514 3451 545 3505 Ρ.
558 3451 584 3502 h.
600 3451 618 3504 l.
632 3449 666 3501 ad
681 3448 738 3518 jud.
753 3446 897 3517 opiniones
911 3443 1082 3498 descendisse
1099 3463 1151 3516 pu·

107 3533 214 3590 temus,
233 3532 292 3575 tum
311 3519 391 3588 hujus
410 3520 597 3591 disputationis
615 3521 725 3571 ubertas
745 3527 771 3570 et
789 3511 923 3568 'subtilitas
939 3523 999 3567 turn
1017 3533 1149 3584 magnum

107 3593 230 3645 studium
247 3589 374 3672 impedit,
390 3607 446 3658 quo
462 3589 515 3654 div,
535 3587 681 3653 clementia
693 3585 890 3647 celebratum.
904 3581 946 3635 15.
964 3583 1005 3634 17.
1017 3583 1060 3635 20.
1094 3582 1149 3634 Ne·

106 3681 159 3742 que
184 3660 213 3713 in
232 3671 357 3712 oratione
381 3659 415 3710 ad
438 3657 574 3711 lectorum
598 3656 741 3728 opiniones
764 3647 971 3723 accommodati
988 3649 1018 3707 P.
1035 3659 1147 3704 senteu-

69 3729 74 3745 *
105 3740 172 3784 tram
198 3729 333 3811 posuisset
353 3726 490 3796 ejusmodi
516 3727 552 3796 (v.
569 3729 636 3798 Q),
665 3743 733 3796 quae
757 3739 921 3780 nemorum
946 3719 1148 3790 perversitatis
1237 3759 1239 3764 -

105 3798 265 3853 Christianis
288 3795 512 3870 praetenderetur
529 3793 611 3868 longi
636 3793 822 3866 disputatione
833 3789 897 3856 no,
914 3792 937 3842 1.
958 3816 993 3828 -
1010 3788 1037 3854 7,
1053 3789 1079 3845 6.
1099 3808 1148 3844 ca-

105 3869 224 3923 vendum
240 3877 318 3920 esset.
352 3865 404 3918 Hic
420 3863 561 3937 interpreti
580 3861 778 3918 subsistendum
789 3869 884 3926 {nam
896 3856 1010 3929 paullini
1031 3858 1065 3910 do
1085 3877 1151 3914 man

11 3977 13 3988 .
104 3939 273 4000 ιίε,οεηευτα
289 3933 436 4006 Theologis
460 3935 501 4006 in,
514 3931 658 4004 disciplind
675 3925 829 4002 dogmatici
846 3927 947 3998 agenda
964 3935 1012 3979 est.
1046 3877 1147 4008 fiand

107 4027 175 4078 opus
197 4005 354 4060 censorium
378 4002 425 4074 qui
450 4003 613 4074 interpretes
634 3998 824 4071 recipientia
842 3997 956 4049 alienam
974 3995 1146 4066 provinciam
1192 4055 1194 4069 Ι

106 4076 180 4129 male
196 4073 331 4132 invadunt
349 4071 595 4142 committuntque,
613 4070 687 4143 quod
705 4069 759 4122 hoc
778 4065 894 4120 maxime
909 4074 1035 4144 tempore
1051 4065 1146 4120 sedulo

105 4145 249 4198 uitandum
270 4150 325 4206 est,
343 4151 373 4195 ut
390 4142 506 4214 partium
524 4141 737 4212 theologicarum
757 4134 905 4206 cupiditas,
924 4132 986 4186 odra
1005 4141 1031 4184 et
1048 4133 1146 4186 conti-

107 4213 149 4267 cia
172 4213 201 4264 in
219 4211 397 4282 Theologiam
422 4211 580 4282 exegeticam
605 4210 752 4292 importata
780 4199 1012 4284 interpretationis
1037 4199 1146 4282 veritati

107 4291 224 4337 noceant
242 4291 269 4334 et
288 4279 439 4335 factionum
459 4279 556 4333 studiis
574 4276 708 4350 implicati
726 4274 926 4344 cupiditateque
942 4281 1080 4325 occaecati
1097 4285 1145 4324 es-

106 4351 253 4426 plicatores
269 4349 361 4403 minus
378 4347 545 4420 intelligant,
563 4349 630 4422 quid
645 4344 793 4426 scriptores
810 4360 832 4394 s.
851 4341 987 4428 dixerint.

79 4441 220 4494 Frr'tssclre
235 4437 287 4510 Ep.
300 4436 334 4491 ad
349 4436 433 4491 Rom.
810 4407 840 4474 Z
912 4448 914 4452 '
