2720 5040
943 253 951 312 J

83 443 93 472 ,
149 379 152 448 ;
207 339 278 445 '212
421 327 1111 445 n'Plsro'L'AAnssoMAnos

110 555 111 558 ’
216 539 314 632 ζεται
328 535 571 638 ἀικαιοσίνην
579 535 698 666 χωρὶς
709 539 852 641 ἐργιοντ
874 523 1193 666 7.,,μακοίριοι
1161 563 1217 612 ιον
1232 533 1316 634 ἀφέ-

191 717 194 724 ,
214 641 396 738 θησαν
355 669 395 716 αι
410 640 564 772 ἀνομίαι
581 640 644 717 καὶ
659 633 713 715 ὧν
699 635 1102 772 ἐπεκαλάηιθησαν
1061 668 1101 714 αι
1100 638 1314 764 ἁμαρτίαι

214 749 253 822 8.
243 739 460 874 μακάριος
486 743 625 841 ἀνὴρ
607 735 639 816 τό
670 741 713 818 οὐ
742 741 795 841 μὴ
776 739 1066 872 λογίσηται
1043 736 1170 842 κύριος
1202 739 1317 871 ἀμηρ-

214 843 334 921 τίαν]
385 853 420 922 9.
442 843 732 1019 Ὁμακαρισμὸς
747 841 816 920 οὖν
832 871 939 926 ουτος
954 845 1012 919 ἐπι
1025 841 1096 971 ηὴν
1107 842 1315 972 ηεριτομην,

101 963 113 973 ’“
145 1033 151 1042 .
215 946 240 1044 6
265 945 330 1021 καὶ
350 947 410 1021 ἐπὶ
431 947 500 1044 τὴν
516 943 724 1046 ἀκροβυστί
724 974 792 1034 ar,-
801 945 973 1046 λέγομεν
987 941 1081 1070 γάρ,
1107 944 1168 1021 ὅτι
1168 943 1317 1046 ἕλογίσ

217 1047 291 1144 θη
291 1056 345 1146 τῷ
362 1047 594 1147 Ἀβραάμ
571 1079 595 1145 η
621 1047 742 1132 πίστις
763 1035 813 1145 είς
823 1043 1091 1176 61662606666.
1126 1051 1207 1122 10.
1234 1053 1319 1129 Πῶς

204 1147 286 1228 οὖν
307 1121 502 1280 ἐλογίσθη,
534 1153 574 1226 ἐν
590 1156 778 1282 περιτομῇ
808 1149 904 1240 όντι,
939 1147 965 1249 ἢ
998 1151 1052 1224 ἐν
1070 1147 1318 1275 ἀκροβυρτίηι,

217 1255 285 1328 οὐκ
310 1255 349 1328 ἐν
372 1251 569 1350 πίριτομῇ,
604 1252 723 1326 ἀλλΗ
705 1281 744 1327 εν
770 1249 1014 1351 ἀκροβυστία.
1076 1254 1136 1325 11.
1160 1248 1259 1323 Καὶ
1244 1274 1317 1374 ση-

120 1415 122 1422 x
214 1359 320 1450 μεῖον
345 1354 455 1480 ἐλαβε
471 1360 667 1453 περιτομῆς
693 1351 885 1478 σφραγῖδα
905 1361 971 1449 τῆς
986 1323 1236 1480 δικαιοσύνης
1258 1359 1318 1448 τῆς

149 1477 178 1527 .·
215 1455 371 1540 πίστεως
393 1463 457 1551 τῆς
481 1459 521 1531 ἐν
540 1483 587 1551 τη
571 1453 855 1582 ἀκροβυστίᾳ,
880 1459 932 1537 εἰς
944 1482 987 1529 το
973 1451 1158 1529 εἶναι’
1111 1451 1231 1529 αυτόν
1252 1481 1325 1527 πα-.

186 1641 191 1649 ,
215 1557 303 1654 τίρα
318 1554 472 1684 πάντων
486 1563 562 1632 τῶν
579 1553 830 1632 πιστευόντων
853 1554 899 1630 66
845 1553 1195 1732 ἀηροβυστίας,
1216 1553 1314 1683 εἰς
1279 1585 1317 1630 το

215 1868 293 1945 τοῖς
321 1869 509 1958 στοιχοῦσι
536 1868 615 1946 τοῖς
645 1866 763 1957 ἰ’χνεσι
787 1869 852 1956 τῆς
873 1864 914 1938 ἐν
937 1869 983 1958 τῇ
938 1755 1316 1988 ἀκροβυστία
1264 1889 1318 1934 πι-

197 1987 330 2056 ,στεως
351 1971 420 2040 τοῦ
440 1963 579 2063 πατρὸς
600 1962 710 2060 ἡμῶν
726 1959 920 2092 Αβραάμ.
982 1967 1043 2039 13.
1071 1963 1128 2040 06
1149 1960 1237 2090 γάρ
1259 1960 1317 2036 (1ιά
1357 1989 1358 1992 ’

157 2064 163 2074 ’
210 2063 373 2196 νόμουη
360 2064 623 2194 ἐπαγγελία
609 2093 664 2162 τῳ
681 2062 911 2192 Αβραάμ
885 2091 977 2164 ητηι
961 2063 1237 2193 ’σπίρματι’
1190 2071 1316 2151 αυτοῦ,

188 2185 191 2194 “
215 2166 259 2242 τό
255 2162 526 2295 κληρονόμον
535 2165 653 2242 αότάν
672 2165 778 2242 εἶναι
790 2163 977 2292 κόσμου,
972 2164 1072 2240 ἀλλά
1095 2162 1159 2240 (1ιά
1182 2163 1316 2240 ἀικαιο

142 2297 143 2302 ’
212 2265 331 2394 σάνης
350 2266 516 2395 πίστερις.
571 2268 629 2344 14.
653 2273 711 2342 Εἰ
709 2267 796 2396 γάρ
819 2296 857 2342 οι
879 2271 919 2342 ἐκ
940 2263 1066 2394 νόμομ
1083 2261 1316 2395 κληρονόμοι,

66 2379 71 2402 “
172 2383 189 2456 ζ
215 2369 413 2500 κεκέναιτριι
451 2369 476 2498 η
516 2367 651 2499 πίστις
672 2369 736 2444 καὶ
775 2364 1004 2474 κατήργηται
1032 2367 1063 2497 6
1098 2365 1313 2498 ἐπαγγελία·

213 2469 319 2599 15.
289 2499 322 2546 ο
341 2469 415 2574 γάρ
430 2469 554 2599 νόμος
562 2469 680 2574 ἀργὴν
694 2467 977 2599 κατεργάζεται,
1002 2497 1047 2546 ου
1032 2463 1111 2545 66
1136 2499 1208 2554 ουκ
1223 2471 1317 2546 ἐστιν

210 2569 331 2702 νόμρς
350 2571 438 2701 6666
454 2570 675 2748 παράβασις.
705 2577 780 2650 16.
793 2570 867 2646 Διά
885 2579 1007 2648 τοῦτο
1013 2575 1052 2646 ἐκ
1066 2569 1234 2662 πίστεως,
1257 2573 1317 2698 λνρ
1358 2603 1359 2634 ι

201 2674 312 2750 καεά
322 2672 454 2802 χάριν,
478 2674 580 2758 εἰς
541 2704 596 2749 το
604 2704 620 2750 ε
620 2673 698 2750 ναι
709 2671 931 2803 βεβαίαν
890 2701 960 2770 την
968 2672 1200 2802 ἐπαγγελίαν
1208 2673 1317 2748 παντὶ

105 2805 107 2812 ·
159 2859 164 2870 ,
209 2783 271 2874 τῷ
292 2777 491 2905 σπίριιατι,
517 2777 561 2850 06
576 2784 630 2873 τῷ
655 2777 701 2850 ἐκ
711 2783 782 2852 τοῦ
793 2772 915 2872 νόμου
927 2771 1049 2871 μόνον
1073 2774 1165 2848 ἀλλά
1186 2775 1315 2873 καὶτῷ

102 2939 111 2946 .
217 2881 257 2952 ἐκ
291 2877 445 2963 πίστεως
461 2849 718 2976 Αβραάμ,“
695 2907 737 2972 ος
764 2879 842 2952 ἐστι
864 2875 991 3003 πατὴρ
1021 2872 1176 2962 πάντων
1198 2875 1313 3000 ἡμιόη,

147 3051 148 3057 ,
219 2981 277 3055 17.
299 2979 431 3112 καθείς
420 2977 669 3111 γέγραπται·
694 2977 779 3068 ,ότι
781 2964 937 3106 πατέρα
950 2985 1098 3054 πολλῶν
1114 2978 1299 3054 ἐθναλν’
1261 3007 1315 3052 τε

210 3078 325 3158 θεικά
348 3082 419 3170 σε,
420 3081 646 3210 ’κοιτίνρντι
669 3073 715 3156 οὗ
731 3077 919 3156 ἐπίστευσε
934 3082 1054 3210 θεοῦ,
1076 3107 1145 3156 του
1128 3078 1315 3207 ζωρποι

215 3211 348 3266 ουντος
355 3211 443 3265 τους
452 3181 605 3280 νεκροὺς
615 3209 679 3263 και
667 3181 893 3309 καλοῦντος
906 3179 1016 3254 τά
966 3207 1019 3279 μη
1032 3182 1135 3271 όντα,
1145 3180 1202 3310 653
1213 3181 1313 3268 ὄντα,

220 3281 312 3359 w
292 3311 333 3366 ος
336 3311 422 3413 πριρ
416 3282 616 3365 ἐλπίόα’
600 3313 644 3357 επ
639 3281 833 3358 ἐλπίόιέ
816 3280 1045 3370 ἐπίστευσεν,
1068 3281 1174 3366 είςτό
1191 3282 1314 3408 γενίσ

210 3388 288 3512 θοιη
302 3383 419 3460 αὐτόν
437 3412 577 3514 ποτερα
602 3392 749 3487 πολλοιν
771 3387 899 3460 ἐθνιόν
919 3381 1016 3512 κατά
1039 3381 1082 3512 τό
1107 3383 1313 3512 ηἰρημίηον

213 3484 360 3613 ,οὕτως
375 3487 476 3560 ἐσται
494 3483 536 3560 τὸ
561 3482 712 3585 σπέρμα
728 3485 843 3573 σου,”,
860 3485 923 3572 19.
948 3513 1013 3560 και
1031 3513 1084 3582 μη
1071 3481 1314 3612 ἀσθενήσας

75 3613 78 3624 ’
196 3594 269 3715 66.
276 3584 394 3662 πίστει
412 3615 457 3664 ου
443 3585 728 3684 ’κατενόησε
688 3617 732 3662 το
752 3587 889 3714 ἑαυτρῦ
903 3594 1014 3715 ρῶμα
1028 3587 1314 3714 νενεκρωμένοη,

171 3719 175 3726 ’
209 3688 472 3786 εκατονταίτης
488 3685 774 3818 πουὺπάρχαιν,
801 3685 864 3761 καὶ
879 3684 950 3782 ,τὴν
961 3687 1143 3815 νέκρωσιν
1163 3697 1228 3785 τῆς
1244 3686 1313 3784 μή

115 3804 118 3811 ’
213 3817 304 3887 ερας
310 3787 483 3888 Σάρρας,
515 3795 620 3881 2οᾓ
591 3819 641 3874 εις
665 3785 707 3864 66
729 3789 798 3886 τὴν
823 3785 1045 3916 ἐπαγγελίαν
1066 3817 1135 3917 τοη
1119 3789 1309 3866 θεοῦ’
1270 3819 1311 3866 ου

208 3889 416 4020 διεκρίθη
397 3900 444 3990 πῆ
458 3887 625 3992 ἀπιστίη,
653 3891 727 3980 ἀλλ’
746 3887 1017 3988 ἐνεδυναμώθη
1031 3897 1080 3988 τῇ,
1092 3888 1210 3965 πίστει
1208 3889 1311 4020 ἀμίς

125 4035 129 4088 T
212 3989 343 4077 δόξαν
340 4022 401 4090 τῳ
385 3995 522 4089 θεῷ,
556 3963 615 4068 21.
629 3965 728 4119 [καὶ]
743 3990 1110 4115 πληροφορηθεὶς,’“
1087 4019 1145 4067 οτι
1164 3992 1185 4068 6
1201 3989 1311 4094 ἐπήγ

146 4162 148 4166 ,
210 4100 336 4221 γελται
357 4065 553 4176 6666663'
537 4117 612 4166 εστι
627 4092 697 4182 καὶ
714 4101 881 4187 ποιῆσαι.
932 4099 995 4170 22.
1019 4090 1111 4168 Διά
1107 4089 1212 4196 και]
1234 4097 1311 4168 ἐλο·

208 4191 328 4293 γίσθη
352 4194 455 4324 αάτῳ
439 4197 524 4277 ελς
543 4189 793 4290 ἀικαιοσυνήν.
846 4197 907 4269 28.
925 4195 1050 4270 0666
1049 4221 1178 4296 γραφη
1203 4193 1248 4270 66
1263 4193 1308 4269 δι’

204 4294 331 4371 αὐτόν
346 4293 482 4394 μόνον,
516 4295 586 4370 ότι.
593 4293 768 4397 ἐλογίσθη
792 4295 915 4394 αὐτη),
959 4297 1019 4396 24
1048 4295 1140 4370 ἀλλά
1175 4315 1237 4370 και
1226 4295 1306 4372 66
