2814 5048
241 313 313 428 oue
353 289 357 308 ’
453 311 1139 428 urrsronnxn'nonnnos
1191 316 1227 394 st

244 515 397 584 homines
414 513 551 585 Christo
569 538 631 606 per
654 514 819 618 baptisma
840 516 993 584 initiatos
1014 515 1148 584 Christo
1164 537 1218 602 per
1235 523 1318 588 onitin

246 602 377 668 similes
389 601 515 670 redditi
536 622 613 669 esse
628 602 764 668 minime
778 601 951 680 dicuntur,
973 601 1033 668 sed
1046 603 1107 671 hoc
1119 601 1272 670 dumtaxat
1280 610 1318 671 al-

235 689 417 771 firmatur,
444 711 501 756 eos
526 688 616 776 quod
636 687 817 770 Chri-sium,
844 689 912 754 Dei
929 687 1053 772 filium,
1081 687 1268 772 induissent,
1288 713 1317 756 cr

243 773 455 858 hominihus,
483 777 605 860 quihus
620 795 793 839 servorum
810 775 941 839 fortuna
957 775 1099 854 fuisset,
1127 774 1190 838 Dei
1199 773 1271 854 lilios
1282 779 1318 840 la·
1362 779 1363 795 ¹

235 864 319 924 ,ctos
335 881 424 943 esse.
472 859 642 928 htimirum
657 859 760 941 hane,
788 881 884 946 quarn
901 855 973 925 ΡΡ.
990 882 1040 944 gr.
1062 858 1218 938 inierunt,
1239 859 1318 926 inter·

268 945 467 1011 relationem
483 952 517 1011 et
528 947 622 1013 v.2o.
634 946 746 1033 poscit
756 950 791 1010 et
804 943 1317 1036 totaApsdisputatiodssh-—ll¹

244 967 334 1097 heve
350 1036 421 1112 est,
455 1029 543 1117 quod
563 1027 709 1098 Uslerirce
723 1030 857 1122 objicit,
884 1031 1010 1096 rectius
1032 1029 1082 1094 sic
1098 1027 1317 1100 Paulumv.2l.

233 1110 303 1182 ,cdv
316 1111 389 1180 νίὸν
402 1119 463 1180 τοῦ
476 1119 563 1184 θεοῦ
579 1118 657 1204 (pro
665 1114 833 1202 Χριστόν)
842 1111 1046 1182 ἐνεδύσασθε
1060 1114 1216 1180 dicturum
1227 1115 1318 1184 luisse.

107 1233 116 1248 =
232 1199 335 1268 .Nam
351 1199 525 1268 Christum
570 1224 608 1267 ro
621 1202 689 1268 Dei
704 1201 774 1285 filio
795 1222 891 1266 nemo
911 1222 978 1266 non
997 1207 1069 1264 tum
1090 1199 1318 1270 Christianorum
1363 1205 1364 1296 η

244 1294 424 1354 veneratus
439 1292 504 1354 est.
546 1224 687 1354 hleinde
707 1309 770 1354 ev.
784 1285 818 1355 5.
841 1287 1084 1376 velpropterea
1101 1286 1183 1351 nihil
1195 1285 1319 1366 efficitur,
1363 1297 1364 1302 ’

245 1370 334 1459 quod
348 1367 522 1458 σύμφυτος
540 1373 716 1439 insitiiinm
733 1394 799 1440 non
815 1370 981 1458 designat.
1023 1371 1114 1438 Tum
1128 1369 1212 1458 quod
1224 1371 1319 1436 Caluini

244 1463 280 1522 et
286 1457 401 1524 Bezue
415 1459 581 1526 formulae
594 1455 645 1534 τίς
657 1455 714 1523 τὸν
727 1451 876 1523 θάνατον
888 1452 993 1524 αὐτοῦ
1008 1453 1249 1540 ἐβαπτίσθησαν
1261 1455 1319 1520 suh

184 1575 186 1583 v
242 1565 316 1608 esse
328 1544 525 1625 voluerunt,
553 1565 618 1608 non
634 1544 802 1634 potuisset
815 1543 856 1611 ab
871 1565 910 1609 eo
924 1541 1101 1626 obscurius
1115 1541 1262 1630 exprimi,
1278 1541 1319 1627 qui

241 1651 302 1694 sua
318 1629 464 1712 cogitata
477 1628 651 1718 perplexis
664 1651 698 1698 r.
713 1628 889 1696 obvolvere
902 1629 1147 1696 constituisset.
1186 1625 1320 1711 Denique,

242 1736 285 1780 ne
297 1715 394 1802 plura
408 1717 589 1800 cumulem,
609 1737 692 1782 vana
707 1721 760 1782 est
772 1716 910 1781 illorum
921 1737 953 1782 v.
969 1715 1155 1804 expositio,
1175 1711 1236 1777 nisi
1247 1709 1320 1779 Chri·

243 1800 290 1865 sti
304 1801 338 1863 in
351 1801 453 1867 vitam
469 1801 616 1867 reditum
629 1799 797 1888 efficacem
815 1801 922 1868 luisse
936 1799 977 1866 ad
995 1796 1216 1866 suscitandam
1230 1797 1318 1862 melio-

241 1886 293 1950 ris
315 1895 455 1953 naturae
475 1888 656 1954 novitatem
675 1889 746 1974 Ap.
767 1909 800 1954 v.
818 1888 852 1967 4.
873 1885 1103 1965 contenderit}
1140 1881 1223 1972 quod
1237 1882 1281 1948 his
1296 1904 1317 1948 v.

229 1972 357 2058 eloqui
376 1971 567 2042 debuisset:
588 2012 629 2024 -
657 1969 711 2038 ίνα
741 1970 812 2037 διὰ
838 1974 913 2062 τῆς
940 1965 1215 2050 ἀναστάσεως
1233 1971 1318 2054 ,ch-

242 2057 343 2123 στοῦ
366 2057 400 2123 ἐν
413 2054 585 2143 καινότητι
599 2055 685 2143 ζωῆς
699 2053 986 2141 περιπατέσωμεν.
1210 2079 1215 2086 ’

327 2139 374 2210 V.
390 2146 426 2212 4.
455 2146 726 2228 Argumentatur
745 2165 829 2207 nunc
853 2105 880 2210 i'
915 2167 933 2210 e
957 2141 1125 2210 sententisi
1144 2139 1246 2208 verbis
1260 2137 1317 2241 nb

242 2223 320 2294 ὅσοι
342 2225 599 2314 ἐβαπτίσθημεν
620 2225 670 2304 εἰς
692 2225 861 2311 Χριστὸν,
893 2227 958 2305 εἰς
978 2227 1049 2294 τὸν
1069 2224 1317 2304 θάνατονασ-
1364 2279 1365 2284 ,

229 2311 318 2377 .τοῦ
363 2310 621 2398 ἐβαπτίσθημεν
653 2313 831 2401 concepti:
881 2314 1042 2400 baptismo
1069 2333 1170 2392 ,nemo
1201 2311 1317 2376 noclnim

187 2434 191 2442 =
243 2396 405 2464 Christi
425 2404 561 2481 morte,
590 2402 730 2484 (ηααστ
752 2405 794 2466 in
815 2399 944 2466 vitum
965 2392 1317 2476 redito's‘escepit)

238 2504 303 2560 non
316 2483 454 2571 affectos
472 2491 533 2551 ert.
577 2483 678 2570 Quod
696 2484 753 2570 qui
766 2492 879 2550 teneat
890 2487 997 2571 primo
1013 2475 1073 2550 οὖν
1087 2489 1153 2550 hon
1166 2479 1317 2548 sollicitan-

54 2575 89 2610 ·“
170 2615 172 2620 -
228 2566 317 2634 ,ἆσαι
338 2590 413 2635 esse
433 2570 533 2634 facile
551 2571 746 2658 perspiciat.
796 2570 934 2638 Habent
945 2592 1006 2660 pro
1023 2592 1064 2636 eo
1081 2561 1141 2636 στίν
1155 2569 1206 2634 39.
1219 2561 1316 2629 llll.

237 2655 307 2720 43..
363 2653 574 2722 Confundere
596 2659 684 2720 onim
705 2657 816 2722 solent
830 2663 1006 2744 utramque
1024 2677 1139 2722 vocem
1153 2649 1272 2719 librarii
1283 2651 1316 2732 (v.

161 2787 167 2797 ,
223 2737 362 2806 ,March
378 2741 437 2822 13,
457 2741 512 2808 30.
546 2741 735 2823 2Tim.2,
755 2743 788 2811 3.
807 2742 1032 2826 varr.¹leet.).
1099 2740 1144 2805 Et
1167 2739 1200 2804 h.
1219 2738 1241 2826 1.
1261 2736 1317 2821 post

237 2821 489 2911 συνετάφημεν
516 2827 697 2916 proclivior
722 2829 823 2893 etiam
845 2850 941 2894 error
962 2834 1049 2894 erat.
1114 2821 1220 2912 Quod
1233 2825 1316 2917 auten

238 2909 318 2996 Syr.
334 2912 427 2978 Clar.
445 2913 559 2980 Germ.
575 2913 682 2998 vulg..
697 2909 760 3000 γάρ
775 2915 920 2998 (nempe)
940 2935 1002 3001 pro
1017 2903 1078 2978 οὖν
1115 2912 1276 2985 emerunt,
1291 2899 1316 3001 ld

234 2996 456 3085 interpretum
486 3001 728 3066 sententiarum
752 2998 1026 3088 perspicuitatem
1055 3019 1074 3062 a
1095 2993 1269 3088 juvantium
1285 2989 1316 3052 lr-

226 3081 361 3149 .hertati
373 3082 587 3150 tribuendum
601 3093 666 3152 est.
720 3083 858 3151 Scilicet
871 3079 929 3150 οὖν
946 3080 1011 3171 quo
1028 3086 1212 3172 pertineret
1222 3074 1316 3168 pal?tim

234 3189 276 3232 ne
291 3169 513 3234 recentissimi
528 3169 662 3256 quidem
683 3171 884 3259 interpretes
897 3169 1054 3255 (hoerle,
1081 3167 1208 3251 neon)
1227 3181 1316 3250 perce-

233 3262 368 3342 perunt.
423 3256 610 3343 Explanat'
629 3279 744 3322 sumus
765 3259 866 3344 ipitnr
888 3257 929 3341 (i.
950 3277 980 3322 e.
1000 3255 1080 3341 quia
1107 3251 1232 3340 Christi
1249 3265 1316 3312 nors

138 3338 142 3350 ‘
227 3337 336 3426 ,q'uum
352 3341 600 3430 baptizaremur
615 3364 727 3408 mersu
745 3343 779 3410 in
798 3363 938 3428 aquam,
964 3341 1152 3426 sepulturae
1162 3335 1316 3428 simulacrb,

223 3424 330 3490 *nobis
345 3427 440 3492 illata
456 3435 528 3507 est3
555 3449 587 3496 v.
607 3426 650 3493 ad
670 3451 702 3496 v.
716 3429 785 3515 3.),
815 3423 1087 3514 quemadmodum
1110 3422 1270 3498 Christus,
1290 3435 1316 3478 lc

235 3511 382 3594 sepulcro
404 3512 539 3598 repositi
555 3535 616 3597 per
643 3513 823 3595 baptisma,
859 3535 919 3599 ηαα
944 3512 1065 3578 mortui
1090 3509 1315 3576 declararemor.
1365 3535 1366 3570 τ

233 3593 355 3683 Itaque
369 3588 426 3663 οὖν
439 3620 477 3662 eo
492 3599 630 3682 nititur,
658 3597 751 3686 quod
764 3598 805 3666 P.
819 3597 1022 3686 baptismum
1042 3604 1180 3666 eatenus
1192 3588 1316 3656 honines

222 3687 374 3748 ,ατοτίασε
395 3683 536 3765 sistere,
571 3692 737 3772 quatenus
758 3707 872 3751 eorum
893 3683 1101 3773 sepulturam
1115 3675 1317 3767 repraesentet

61 3841 64 3849 Ι
141 3810 145 3818 ,
232 3768 368 3836 sumsit.
389 3833 393 3842 ,
418 3768 588 3835 Nimirum
605 3771 744 3858 sepeliri
758 3793 825 3836 nou
840 3767 950 3834 solere
964 3767 1032 3832 nisi
1046 3769 1193 3834 mortuos
1207 3763 1316 3849 repull-

233 3853 294 3919 vit.
337 3854 466 3920 Deinde
486 3878 518 3924 r.
540 3851 597 3920 διὰ
611 3859 672 3922 τοῦ
685 3853 915 3937 βαπτίσματος
933 3851 983 3929 εἰς
995 3851 1053 3918 τὸν
1064 3848 1211 3922 θάνατον
1221 3843 1315 3914 arctis-

221 3939 334 4021 ,simc‚
362 3948 400 4004 ut
419 3963 518 4006 unam
544 3941 712 4006 notionem
733 3942 899 4021 efficiant,
927 3937 1112 4027 copulanda
1139 3957 1211 4001 esse
1232 3931 1316 4034 patet:

209 4022 321 4088 .Nam
342 4026 586 4110 argumentatio
605 4028 694 4100 vsi.
714 4047 740 4090 a·
753 4049 785 4093 v.
805 4048 837 4092 v.
851 4027 884 4092 3.
920 4022 969 4100 εἷς
992 4023 1049 4090 τὸν
1068 4017 1214 4087 θάνατον
1235 4031 1316 4114 mv.

120 4125 121 4130 ¹
232 4106 486 4194 ἐβαπτίσθημεν
505 4112 746 4199 proficiscitur:
779 4133 840 4198 per
860 4109 1026 4198 baptisma
1052 4106 1187 4177 Christo
1215 4101 1317 4199 inibat!

233 4193 308 4281 ejus
329 4198 454 4262 morti
474 4197 567 4264 nohis
590 4198 720 4265 cliniae
738 4218 799 4281 per
821 4196 1072 4281 baptismum
1092 4191 1255 4278 (quoniam
1268 4204 1315 4248 ΙΝ·

234 4279 406 4346 mersioin
427 4305 547 4370 aquarn
568 4282 812 4368 τεμαίίανσα
833 4282 941 4367 τάταησ
957 4289 1025 4362 cst,
1053 4279 1118 4346 soli
1132 4282 1238 4340 autern
1250 4287 1317 4336 rocr-

222 4365 284 4442 ,lui
308 4367 534 4456 sepeliuntur)
554 4369 728 4444 initiati
748 4389 885 4434 eumue
905 4369 953 4452 (v.
968 4368 1031 4450 3.).
1082 4363 1203 4438 Sumus
1222 4357 1316 4446 igitur,
