2840 5048
160 363 238 423 vr·
428 365 431 374 ’
481 359 486 369 ·
543 329 893 420 reaurar'to.

135 525 138 534 “
165 521 236 591 neri
251 518 363 590 libros
386 517 499 589 literis
517 519 683 610 prodesse
697 511 926 609 judicabunt,
959 503 1162 604 diligentiae
1178 533 1276 578 meae

102 682 104 686 ·
136 633 138 636 ’
166 659 201 714 et
215 641 317 727 fidei,
344 663 433 734 quae
448 651 542 709 certe
558 661 696 739 summa
717 636 804 720 suit,
832 635 989 704 fructum
1008 655 1064 700 me
1079 629 1275 722 percepisse

166 757 386 832 existimabo.
425 755 605 828 Constitui
620 743 737 826 autem
756 752 940 846 epistolam
955 751 1000 819 ad
1015 746 1123 822 Rom.
1139 744 1180 815 ed
1194 747 1279 816 sub-

166 882 311 965 tilitate,
342 875 426 947 curai
452 891 487 947 et
507 875 776 968 perspicuitate,
805 894 895 966 quae
917 893 1015 939 nunc
1028 869 1106 960 jure
1119 865 1279 958 postula-

167 1013 262 1095 tura
285 999 390 1068 docto
412 998 623 1087 interprete,
656 993 720 1088 qui
737 981 774 1061 et
784 990 912 1062 literas
923 989 1034 1080 probe
1057 983 1294 1076 didiceritjet··

54 1107 56 1116 ’
169 1118 258 1210 quid
280 1115 348 1186 sibi
371 1113 457 1184 velit
479 1137 554 1184 non
577 1113 694 1182 solum
714 1111 789 1202 ipse
812 1108 895 1178 satis
919 1107 1005 1175 sciat
1026 1127 1151 1173 verum
1169 1081 1281 1170 etiam

169 1237 276 1327 plane
292 1235 409 1304 dicere
425 1231 535 1324 pu'ssit
550 1233 648 1317 aliis,
681 1231 740 1300 ita
754 1229 961 1321 explanare,
986 1237 1027 1319 ut
1045 1222 1228 1292 modicum*
1249 1237 1283 1291 et

171 1354 269 1447 quod
292 1377 368 1422 non
387 1375 516 1442 magno
544 1352 659 1443 pretio
679 1351 790 1435 vendi
808 1361 928 1440 posset
948 1345 1284 1416 commentariorum

171 1493 334 1540 meorum
350 1469 519 1538 volumen
530 1469 741 1540 efficeretur.
793 1463 901 1568 Quod
915 1487 972 1542 ne
985 1463 1024 1530 in
1039 1462 1185 1531 nimiam
1203 1485 1285 1530 ma-

170 1587 396 1676 gnitudinem
412 1579 581 1658 cresceret
595 1613 710 1681 neque
728 1585 800 1656 nisi
815 1583 1015 1676 potissimas
1029 1579 1120 1654 Cdo.
1133 1559 1287 1650 varieta-¹

163 1701 224 1801 ,tes
240 1705 356 1794 tetigi,
381 1718 416 1776 et
435 1729 494 1776 eas
510 1709 755 1777 tautummodo
772 1706 1006 1795 interpretum
1020 1704 1211 1774 sententias
1227 1725 1287 1770 ex-

66 1897 68 1902 ,
174 1819 350 1906 ominari,
379 1845 470 1914 quae
491 1835 552 1892 aut
567 1823 742 1914 speciosae
758 1820 877 1914 putari
892 1833 1034 1911 possent
1049 1832 1111 1890 aut
1125 1831 1206 1889 utut
1218 1819 1288 1887 fat

128 1999 139 2018 ,
169 1962 234 2008 sae
255 1939 417 2031 alioquin
437 1954 543 2033 atque
566 1942 654 2010 adeo
675 1941 816 2032 ineptae
844 1938 1014 2007 novitatis
1043 1951 1170 2008 tamen·
1191 1961 1288 2006 cumr

28 2095 43 2169 -Ι
129 2138 136 2158 x
176 2035 442 2126 mendatiouem
463 2053 652 2141 haberent,
685 2071 720 2127 et
740 2081 779 2126 ea
801 2056 1011 2126 ultimorum
1033 2056 1189 2152 capitum
1211 2057 1289 2124 loc'a

173 2173 298 2267 paucis
313 2174 475 2266 exposui,
510 2176 696 2269 inquibus
712 2202 822 2270 quum
837 2163 920 2247 sa'tis
936 2177 1042 2267 plana
1057 2175 1233 2248 sententia
1246 2177 1292 2246 stt

105 2327 119 2350 .-
141 2351 143 2355 ,
176 2287 324 2358 inutiles
337 2292 599 2364 nonnullorum
621 2293 856 2384 interpretum
877 2292 983 2362 tricas
1003 2315 1109 2364 nemo
1129 2279 1291 2385 requiress

169 2419 243 2475 ret.
294 2405 377 2478 Jam
400 2433 490 2504 quae
506 2417 625 2482 restat.
641 2411 757 2502 operis
780 2410 998 2504 nostri-pars
1021 2407 1079 2508 (in
1099 2411 1180 2480 duo,
1195 2411 1291 2490 enim

73 2574 80 2590 .
179 2523 366 2597 volumina
380 2521 478 2601 huuc
493 2531 787 2600 co'mide'ntanium
804 2527 1068 2628 distribuimus)
1088 2523 1170 2604 mox
1189 2531 1291 2624 prelo

90 2677 92 2684 ,
180 2639 407 2730 subjicietur,
446 2660 487 2715 ut
508 2657 698 2717 auctumno
721 2643 834 2737 hujus
850 2647 946 2718 ¹anui
968 2648 1146 2738 divulgari
1165 2647 1293 2738 possit:

107 2763 109 2777 '
180 2771 262 2832 tum
273 2761 318 2830 ad
331 2756 527 2853 Evangelia
542 2758 718 2838 revertar)
744 2764 960 2860 thue-:sit
975 2762 1162 2859 scriptores
1179 2791 1294 2838 sacros

131 2913 134 2918 r
180 2878 410 2970 interpretari
429 2879 465 2954 b.
480 2885 505 2956 l.
520 2909 696 2978 exponam
707 2891 783 2956 non
797 2907 938 2959 necesse
959 2898 1028 2960 esta·
1073 2883 1165 2958 Nam
1180 2885 1211 2954 si
1233 2884 1294 2978 qui

179 2995 359 3068 librorum
381 3024 425 3074 ss.
439 3002 647 3094 interpretes
662 3028 776 3096 nuper
790 3005 902 3074 exorti
916 3015 1016 3089 sunt,
1042 3005 1106 3098 qui
1120 3029 1164 3078 ne
1179 3006 1296 3098 primu

174 3113 329 3205 quidun
356 3118 566 3212 disciplinae
593 3117 875 3192 hermeneuticae
903 3123 1078 3216 elementa·
1101 3125 1297 3216 percepisse

183 3233 391 3322 videantur,
421 3245 498 3354 pori
519 3241 865 3327 idcircoflveraratio
888 3237 929 3310 in
950 3217 1217 3332 tenebrtszjacet
1238 3255 1298 3313 aut

184 3361 239 3418 tot
250 3346 420 3454 Virorum
435 3355 533 3443 DD„
555 3374 643 3452 quot
655 3344 776 3430 nostra
792 3362 1054 3450 aetasrgenu'it,
1068 3362 1164 3431 oculi
1177 3363 1217 3432 in
1226 3357 1300 3431 [hoc

186 3468 371 3544 literarum
390 3461 581 3569 splendore
603 3473 658 3550 ¹sie
668 3473 840 3571 caligant,
858 3495 910 3551 ‘ut
923 3481 1298 3558 tenebrionommodo

186 3583 397 3670 intenebris
410 3599 518 3667 ruoirt
532 3599 724 3692 omniaque
738 3599 918 3673 misceant.
942 3627 946 3640 ¹
969 3595 1187 3687 =Noninagis
1200 3620 1300 3666 meae

173 3700 508 3799 interpretationis,
547 3739 636 3808 quae
657 3717 730 3807 jam
751 3718 894 3787 dudum
912 3714 1010 3785 Viris
1033 3714 1113 3790 ΠΙ).
1136 3727 1302 3810 notaest,

188 3827 350 3898 rationes
365 3833 539 3924 explicare
561 3827 622 3906 aut
644 3861 737 3930 quae
756 3831 933 3907 Matthaei
954 3851 989 3906 et
1009 3834 1127 3904 Marci
1148 3832 1301 3916 'editioni

174 3947 368 4034 praefatus
379 3975 460 4021 sum
473 3949 534 4024 bic
547 3965 705 4048 repetere
719 3951 843 4047 plicet.
881 3955 973 4025 Nam
988 3955 1100 4050 quum
1112 3953 1223 4024 uerba
1236 3979 1302 4022 uo-

190 4061 330 4132 tio'num
347 4068 447 4158 signa
462 4071 552 4154 sint,
577 4076 664 4168 quid
680 4077 831 4166 scriptor
846 4077 994 4146 senserit
1009 4075 1174 4168 nisiejus
1187 4075 1305 4143 verbis

190 4181 237 4251 ad
259 4182 419 4273 liuguae,
452 4189 521 4282 quei
546 4192 608 4262 ille
628 4217 715 4264 usus
738 4195 783 4263 sit
797 4196 936 4286 regulas
950 4191 1234 4285 diligentissimo⁸
1245 4215 1306 4261 ex-

172 4298 298 4386 ·a'ctis,
329 4301 584 4432 sententiarum
608 4335 700 4383 nexu
717 4313 977 4385 accuratissime
992 4314 1184 4410 ‚enucleato
1204 4311 1308 4404 ipsis-
