<?xml version="1.0" encoding="UTF-8"?>
<!DOCTYPE html PUBLIC "-//W3C//DTD XHTML 1.0 Transitional//EN"
    "http://www.w3.org/TR/xhtml1/DTD/xhtml1-transitional.dtd">
<html xmlns="http://www.w3.org/1999/xhtml" xml:lang="en" lang="en">
 <head>
  <title>
</title>
<meta http-equiv="Content-Type" content="text/html;charset=utf-8" />
  <meta name='ocr-system' content='tesseract 3.04.00' />
  <meta name='ocr-capabilities' content='ocr_page ocr_carea ocr_par ocr_line ocrx_word'/>
</head>
<body>
  <div class='ocr_page' id='page_1' title='image "./pauliadromanose02fritgoog_0012.png"; bbox 0 0 2840 5048; ppageno 0'>
   <div class='ocr_carea' id='block_1_1' title="bbox 394 295 1227 446">
    <p class='ocr_par' dir='ltr' id='par_1_1' title="bbox 394 295 1227 446">
     <span class='ocr_line' id='line_1_1' title="bbox 394 295 1227 446; baseline -0.012 -36"><span class='ocrx_word' id='word_1_1' title='bbox 394 383 397 390; x_wconf 88' lang='lat'>-</span> <span class='ocrx_word' id='word_1_2' title='bbox 490 295 836 446; x_wconf 75' lang='lat' dir='ltr'><strong>rnunnnrro.</strong></span> <span class='ocrx_word' id='word_1_3' title='bbox 874 418 876 426; x_wconf 44' lang='grc'>,</span> <span class='ocrx_word' id='word_1_4' title='bbox 1175 295 1227 417; x_wconf 41' lang='grc' dir='ltr'><strong>πί</strong></span> 
     </span>
    </p>
   </div>
   <div class='ocr_carea' id='block_1_2' title="bbox 65 497 1307 1908">
    <p class='ocr_par' dir='ltr' id='par_1_2' title="bbox 65 497 1307 1908">
     <span class='ocr_line' id='line_1_2' title="bbox 98 497 1268 607; baseline 0.001 -28"><span class='ocrx_word' id='word_1_5' title='bbox 98 497 174 604; x_wconf 83' lang='lat' dir='ltr'><strong>que</strong></span> <span class='ocrx_word' id='word_1_6' title='bbox 196 509 382 582; x_wconf 81' lang='lat' dir='ltr'><strong>sententiis</strong></span> <span class='ocrx_word' id='word_1_7' title='bbox 403 500 540 579; x_wconf 66' lang='lat' dir='ltr'><strong>summai</strong></span> <span class='ocrx_word' id='word_1_8' title='bbox 562 505 748 600; x_wconf 81' lang='lat' dir='ltr'><strong>relligione</strong></span> <span class='ocrx_word' id='word_1_9' title='bbox 762 503 851 588; x_wconf 73' lang='lat' dir='ltr'><strong>qum</strong></span> <span class='ocrx_word' id='word_1_10' title='bbox 871 501 916 577; x_wconf 86' lang='lat' dir='ltr'><strong>lis</strong></span> <span class='ocrx_word' id='word_1_11' title='bbox 937 509 1093 599; x_wconf 82' lang='lat' dir='ltr'><strong>collatis,</strong></span> <span class='ocrx_word' id='word_1_12' title='bbox 1128 508 1219 607; x_wconf 78' lang='lat' dir='ltr'><strong>quae</strong></span> <span class='ocrx_word' id='word_1_13' title='bbox 1263 589 1268 594; x_wconf 56' lang='grc'>,</span> 
     </span>
     <span class='ocr_line' id='line_1_3' title="bbox 97 602 1219 727; baseline 0.004 -29"><span class='ocrx_word' id='word_1_14' title='bbox 97 631 182 698; x_wconf 88' lang='lat' dir='ltr'><strong>tum</strong></span> <span class='ocrx_word' id='word_1_15' title='bbox 205 629 275 722; x_wconf 90' lang='lat' dir='ltr'><strong>ipsi</strong></span> <span class='ocrx_word' id='word_1_16' title='bbox 297 628 460 722; x_wconf 89' lang='lat' dir='ltr'><strong>scriptori</strong></span> <span class='ocrx_word' id='word_1_17' title='bbox 482 621 556 698; x_wconf 85' lang='lat' dir='ltr'><strong>tum</strong></span> <span class='ocrx_word' id='word_1_18' title='bbox 586 602 662 718; x_wconf 77' lang='lat' dir='ltr'><strong>ejus</strong></span> <span class='ocrx_word' id='word_1_19' title='bbox 688 627 896 726; x_wconf 69' lang='lat' dir='ltr'><strong>aequalibus</strong></span> <span class='ocrx_word' id='word_1_20' title='bbox 916 631 1117 727; x_wconf 79' lang='lat' dir='ltr'><strong>placuerint</strong></span> <span class='ocrx_word' id='word_1_21' title='bbox 1141 635 1219 706; x_wconf 89' lang='lat' dir='ltr'><strong>erui</strong></span> 
     </span>
     <span class='ocr_line' id='line_1_4' title="bbox 65 737 1219 844; baseline 0.005 -27"><span class='ocrx_word' id='word_1_22' title='bbox 65 786 68 792; x_wconf 94' lang='lat'><em>·</em></span> <span class='ocrx_word' id='word_1_23' title='bbox 99 745 181 818; x_wconf 78' lang='lat' dir='ltr'><strong>nori</strong></span> <span class='ocrx_word' id='word_1_24' title='bbox 196 760 323 841; x_wconf 85' lang='lat' dir='ltr'><strong>potest.</strong></span> <span class='ocrx_word' id='word_1_25' title='bbox 372 745 416 819; x_wconf 90' lang='lat' dir='ltr'><strong>In</strong></span> <span class='ocrx_word' id='word_1_26' title='bbox 434 743 504 817; x_wconf 93' lang='lat' dir='ltr'><strong>hoc</strong></span> <span class='ocrx_word' id='word_1_27' title='bbox 516 737 645 838; x_wconf 74' lang='lat' dir='ltr'><strong>¹genere</strong></span> <span class='ocrx_word' id='word_1_28' title='bbox 658 769 782 832; x_wconf 88' lang='lat' dir='ltr'><strong>nemo,</strong></span> <span class='ocrx_word' id='word_1_29' title='bbox 814 748 869 820; x_wconf 80' lang='lat' dir='ltr'><strong>uti</strong></span> <span class='ocrx_word' id='word_1_30' title='bbox 884 771 1007 844; x_wconf 82' lang='lat' dir='ltr'><strong>spero,</strong></span> <span class='ocrx_word' id='word_1_31' title='bbox 1032 737 1148 822; x_wconf 82' lang='lat' dir='ltr'><strong>meam</strong></span> <span class='ocrx_word' id='word_1_32' title='bbox 1160 752 1219 823; x_wconf 81' lang='lat' dir='ltr'><strong>di·-</strong></span> 
     </span>
     <span class='ocr_line' id='line_1_5' title="bbox 99 857 1219 966; baseline 0.004 -28"><span class='ocrx_word' id='word_1_33' title='bbox 99 871 290 960; x_wconf 87' lang='lat' dir='ltr'><strong>ligentiam</strong></span> <span class='ocrx_word' id='word_1_34' title='bbox 311 867 533 940; x_wconf 42' lang='lat' dir='ltr'><strong>desiderabit*</strong></span> <span class='ocrx_word' id='word_1_35' title='bbox 545 857 840 962; x_wconf 75' lang='lat' dir='ltr'><strong>reperienturque</strong></span> <span class='ocrx_word' id='word_1_36' title='bbox 855 868 1013 939; x_wconf 70' lang='lat' dir='ltr'><strong>:fortasse</strong></span> <span class='ocrx_word' id='word_1_37' title='bbox 1047 865 1106 940; x_wconf 90' lang='lat' dir='ltr'><strong>hic</strong></span> <span class='ocrx_word' id='word_1_38' title='bbox 1127 882 1219 966; x_wconf 88' lang='lat' dir='ltr'><strong>qu&#39;o-</strong></span> 
     </span>
     <span class='ocr_line' id='line_1_6' title="bbox 98 985 1307 1098; baseline 0.003 -42"><span class='ocrx_word' id='word_1_39' title='bbox 98 1013 172 1083; x_wconf 88' lang='lat' dir='ltr'><strong>que</strong></span> <span class='ocrx_word' id='word_1_40' title='bbox 187 989 386 1074; x_wconf 87' lang='lat' dir='ltr'><strong>nonnulla,</strong></span> <span class='ocrx_word' id='word_1_41' title='bbox 423 1011 513 1082; x_wconf 87' lang='lat' dir='ltr'><strong>quae</strong></span> <span class='ocrx_word' id='word_1_42' title='bbox 527 985 571 1058; x_wconf 86' lang='lat' dir='ltr'><strong>N.</strong></span> <span class='ocrx_word' id='word_1_43' title='bbox 588 987 632 1065; x_wconf 87' lang='lat' dir='ltr'><strong>T.</strong></span> <span class='ocrx_word' id='word_1_44' title='bbox 647 989 884 1078; x_wconf 81' lang='lat' dir='ltr'><strong>grammaticis</strong></span> <span class='ocrx_word' id='word_1_45' title='bbox 904 1003 941 1061; x_wconf 86' lang='lat' dir='ltr'><strong>et</strong></span> <span class='ocrx_word' id='word_1_46' title='bbox 961 988 1218 1098; x_wconf 81' lang='lat' dir='ltr'><strong>lexicographis&#39;</strong></span> <span class='ocrx_word' id='word_1_47' title='bbox 1293 1067 1307 1096; x_wconf 33' lang='grc' dir='ltr'>Χ</span> 
     </span>
     <span class='ocr_line' id='line_1_7' title="bbox 97 1105 1226 1200; baseline 0.006 -23"><span class='ocrx_word' id='word_1_48' title='bbox 97 1109 292 1200; x_wconf 81' lang='lat' dir='ltr'><strong>profutura</strong></span> <span class='ocrx_word' id='word_1_49' title='bbox 306 1109 388 1182; x_wconf 86' lang='lat' dir='ltr'><strong>sint.</strong></span> <span class='ocrx_word' id='word_1_50' title='bbox 440 1105 599 1179; x_wconf 80' lang='lat' dir='ltr'><strong>Tametsi</strong></span> <span class='ocrx_word' id='word_1_51' title='bbox 621 1109 718 1178; x_wconf 89' lang='lat' dir='ltr'><strong>enim</strong></span> <span class='ocrx_word' id='word_1_52' title='bbox 732 1107 862 1180; x_wconf 83' lang='lat' dir='ltr'><strong>Lexica</strong></span> <span class='ocrx_word' id='word_1_53' title='bbox 876 1107 921 1184; x_wconf 90' lang='lat' dir='ltr'><strong>N.</strong></span> <span class='ocrx_word' id='word_1_54' title='bbox 936 1107 982 1190; x_wconf 75' lang='grc' dir='ltr'><strong>Τ,</strong></span> <span class='ocrx_word' id='word_1_55' title='bbox 999 1113 1123 1190; x_wconf 83' lang='lat' dir='ltr'><strong>multis</strong></span> <span class='ocrx_word' id='word_1_56' title='bbox 1136 1139 1226 1184; x_wconf 60' lang='lat' dir='ltr'><strong>mm·</strong></span> 
     </span>
     <span class='ocr_line' id='line_1_8' title="bbox 97 1226 1218 1328; baseline 0.002 -28"><span class='ocrx_word' id='word_1_57' title='bbox 97 1231 157 1300; x_wconf 90' lang='lat' dir='ltr'><strong>dis</strong></span> <span class='ocrx_word' id='word_1_58' title='bbox 179 1251 298 1322; x_wconf 82' lang='lat' dir='ltr'><strong>nuper</strong></span> <span class='ocrx_word' id='word_1_59' title='bbox 318 1231 504 1300; x_wconf 83' lang='lat' dir='ltr'><strong>emendata</strong></span> <span class='ocrx_word' id='word_1_60' title='bbox 525 1242 625 1315; x_wconf 89' lang='lat' dir='ltr'><strong>sunt,</strong></span> <span class='ocrx_word' id='word_1_61' title='bbox 665 1242 785 1300; x_wconf 88' lang='lat' dir='ltr'><strong>tamen</strong></span> <span class='ocrx_word' id='word_1_62' title='bbox 808 1226 1102 1301; x_wconf 84' lang='lat' dir='ltr'><strong>difficillimorum</strong></span> <span class='ocrx_word' id='word_1_63' title='bbox 1126 1249 1218 1328; x_wconf 86' lang='lat' dir='ltr'><strong>quo·</strong></span> 
     </span>
     <span class='ocr_line' id='line_1_9' title="bbox 97 1343 1217 1444; baseline 0.004 -24"><span class='ocrx_word' id='word_1_64' title='bbox 97 1375 257 1444; x_wconf 90' lang='lat' dir='ltr'><strong>rumque</strong></span> <span class='ocrx_word' id='word_1_65' title='bbox 276 1349 533 1420; x_wconf 88' lang='lat' dir='ltr'><strong>vocabulorum</strong></span> <span class='ocrx_word' id='word_1_66' title='bbox 554 1345 753 1442; x_wconf 83' lang='lat' dir='ltr'><strong>explanatio</strong></span> <span class='ocrx_word' id='word_1_67' title='bbox 764 1349 847 1418; x_wconf 81' lang='lat' dir='ltr'><strong>iere</strong></span> <span class='ocrx_word' id='word_1_68' title='bbox 866 1343 1024 1439; x_wconf 86' lang='lat' dir='ltr'><strong>neglecta</strong></span> <span class='ocrx_word' id='word_1_69' title='bbox 1044 1349 1134 1440; x_wconf 77' lang='lat' dir='ltr'><strong>jacet</strong></span> <span class='ocrx_word' id='word_1_70' title='bbox 1151 1373 1217 1425; x_wconf 90' lang='lat' dir='ltr'><strong>ne-.</strong></span> 
     </span>
     <span class='ocr_line' id='line_1_10' title="bbox 97 1464 1217 1562; baseline -0.003 -23"><span class='ocrx_word' id='word_1_71' title='bbox 97 1491 191 1562; x_wconf 88' lang='lat' dir='ltr'><strong>que,</strong></span> <span class='ocrx_word' id='word_1_72' title='bbox 215 1468 280 1538; x_wconf 89' lang='lat' dir='ltr'><strong>sia</strong></span> <span class='ocrx_word' id='word_1_73' title='bbox 298 1467 484 1553; x_wconf 81' lang='lat' dir='ltr'><strong>nonnullis</strong></span> <span class='ocrx_word' id='word_1_74' title='bbox 497 1466 533 1542; x_wconf 76' lang='lat' dir='ltr'><strong>n</strong></span> <span class='ocrx_word' id='word_1_75' title='bbox 548 1464 749 1538; x_wconf 90' lang='lat' dir='ltr'><strong>Tittmauni</strong></span> <span class='ocrx_word' id='word_1_76' title='bbox 764 1466 1071 1537; x_wconf 87' lang='lat' dir='ltr'><strong>observationibus</strong></span> <span class='ocrx_word' id='word_1_77' title='bbox 1085 1466 1217 1538; x_wconf 87' lang='lat' dir='ltr'><strong>disces-</strong></span> 
     </span>
     <span class='ocr_line' id='line_1_11' title="bbox 97 1570 1216 1682; baseline -0.003 -29"><span class='ocrx_word' id='word_1_78' title='bbox 97 1585 200 1682; x_wconf 83' lang='lat' dir='ltr'><strong>seris,</strong></span> <span class='ocrx_word' id='word_1_79' title='bbox 225 1583 323 1654; x_wconf 87' lang='lat' dir='ltr'><strong>aliud</strong></span> <span class='ocrx_word' id='word_1_80' title='bbox 340 1583 536 1678; x_wconf 85' lang='lat' dir='ltr'><strong>quidquam</strong></span> <span class='ocrx_word' id='word_1_81' title='bbox 551 1582 623 1652; x_wconf 89' lang='lat' dir='ltr'><strong>nisi</strong></span> <span class='ocrx_word' id='word_1_82' title='bbox 637 1578 796 1653; x_wconf 83' lang='lat' dir='ltr'><strong>Fischeri</strong></span> <span class='ocrx_word' id='word_1_83' title='bbox 809 1582 954 1652; x_wconf 75' lang='lat' dir='ltr'><strong>inventa</strong></span> <span class='ocrx_word' id='word_1_84' title='bbox 968 1570 1216 1676; x_wconf 76' lang='lat' dir='ltr'><strong>propinantur.</strong></span> 
     </span>
     <span class='ocr_line' id='line_1_12' title="bbox 98 1697 1216 1792; baseline -0.003 -23"><span class='ocrx_word' id='word_1_85' title='bbox 98 1697 205 1788; x_wconf 86' lang='lat' dir='ltr'><strong>Quae</strong></span> <span class='ocrx_word' id='word_1_86' title='bbox 225 1723 282 1767; x_wconf 90' lang='lat' dir='ltr'><strong>res</strong></span> <span class='ocrx_word' id='word_1_87' title='bbox 297 1698 497 1788; x_wconf 88' lang='lat' dir='ltr'><strong>cujusmodi</strong></span> <span class='ocrx_word' id='word_1_88' title='bbox 515 1699 562 1768; x_wconf 91' lang='lat' dir='ltr'><strong>sit</strong></span> <span class='ocrx_word' id='word_1_89' title='bbox 581 1699 750 1792; x_wconf 85' lang='lat' dir='ltr'><strong>quoniam</strong></span> <span class='ocrx_word' id='word_1_90' title='bbox 771 1720 816 1768; x_wconf 77' lang='lat' dir='ltr'><strong>er</strong></span> <span class='ocrx_word' id='word_1_91' title='bbox 834 1697 913 1766; x_wconf 75' lang='lat' dir='ltr'><strong>meai</strong></span> <span class='ocrx_word' id='word_1_92' title='bbox 927 1697 1045 1768; x_wconf 90' lang='lat' dir='ltr'><strong>Marci</strong></span> <span class='ocrx_word' id='word_1_93' title='bbox 1060 1697 1216 1786; x_wconf 75' lang='lat' dir='ltr'><strong>editione</strong></span> 
     </span>
     <span class='ocr_line' id='line_1_13' title="bbox 96 1797 1215 1908; baseline 0.002 -24"><span class='ocrx_word' id='word_1_94' title='bbox 96 1817 256 1907; x_wconf 84' lang='lat' dir='ltr'><strong>intelligi</strong></span> <span class='ocrx_word' id='word_1_95' title='bbox 270 1830 402 1908; x_wconf 87' lang='lat' dir='ltr'><strong>potest,</strong></span> <span class='ocrx_word' id='word_1_96' title='bbox 434 1819 513 1888; x_wconf 88' lang='lat' dir='ltr'><strong>duo</strong></span> <span class='ocrx_word' id='word_1_97' title='bbox 522 1831 663 1888; x_wconf 87' lang='lat' dir='ltr'><strong>tantum</strong></span> <span class='ocrx_word' id='word_1_98' title='bbox 677 1817 850 1887; x_wconf 88' lang='lat' dir='ltr'><strong>vocabula</strong></span> <span class='ocrx_word' id='word_1_99' title='bbox 872 1818 915 1886; x_wconf 86' lang='lat' dir='ltr'><strong>in</strong></span> <span class='ocrx_word' id='word_1_100' title='bbox 926 1797 1051 1888; x_wconf 78' lang='lat' dir='ltr'><strong>lexicis</strong></span> <span class='ocrx_word' id='word_1_101' title='bbox 1069 1828 1215 1887; x_wconf 88' lang='lat' dir='ltr'><strong>tractata</strong></span> 
     </span>
    </p>
   </div>
   <div class='ocr_carea' id='block_1_3' title="bbox 15 1918 1254 3452">
    <p class='ocr_par' dir='ltr' id='par_1_3' title="bbox 15 1918 1254 3452">
     <span class='ocr_line' id='line_1_14' title="bbox 96 1918 1217 2034; baseline 0.001 -31"><span class='ocrx_word' id='word_1_102' title='bbox 96 1955 358 2020; x_wconf 88' lang='lat' dir='ltr'><strong>commemoro,</strong></span> <span class='ocrx_word' id='word_1_103' title='bbox 383 1929 526 2032; x_wconf 79' lang='grc' dir='ltr'><strong><em>ε’ριθεία</em></strong></span> <span class='ocrx_word' id='word_1_104' title='bbox 541 1947 575 2006; x_wconf 88' lang='lat' dir='ltr'><strong>et</strong></span> <span class='ocrx_word' id='word_1_105' title='bbox 590 1918 891 2034; x_wconf 68' lang='lat' dir='ltr'><strong>iynopfiotiuddn</strong></span> <span class='ocrx_word' id='word_1_106' title='bbox 908 1999 912 2008; x_wconf 88' lang='lat'>.</span> <span class='ocrx_word' id='word_1_107' title='bbox 938 1930 1134 2006; x_wconf 82' lang='lat' dir='ltr'><strong>Summam</strong></span> <span class='ocrx_word' id='word_1_108' title='bbox 1151 1958 1217 2004; x_wconf 92' lang='lat' dir='ltr'><strong>au-</strong></span> 
     </span>
     <span class='ocr_line' id='line_1_15' title="bbox 97 2047 1216 2142; baseline 0.002 -23"><span class='ocrx_word' id='word_1_109' title='bbox 97 2064 172 2120; x_wconf 90' lang='lat' dir='ltr'><strong>tem</strong></span> <span class='ocrx_word' id='word_1_110' title='bbox 186 2075 208 2118; x_wconf 89' lang='lat' dir='ltr'><strong>a</strong></span> <span class='ocrx_word' id='word_1_111' title='bbox 221 2047 329 2121; x_wconf 89' lang='lat' dir='ltr'><strong>Pauli</strong></span> <span class='ocrx_word' id='word_1_112' title='bbox 346 2051 538 2142; x_wconf 82' lang='lat' dir='ltr'><strong>interprete</strong></span> <span class='ocrx_word' id='word_1_113' title='bbox 560 2051 782 2141; x_wconf 82' lang='lat' dir='ltr'><strong>diligentiam</strong></span> <span class='ocrx_word' id='word_1_114' title='bbox 804 2050 844 2120; x_wconf 91' lang='lat' dir='ltr'><strong>iu</strong></span> <span class='ocrx_word' id='word_1_115' title='bbox 858 2051 977 2142; x_wconf 79' lang='lat' dir='ltr'><strong>verbis</strong></span> <span class='ocrx_word' id='word_1_116' title='bbox 991 2048 1141 2121; x_wconf 85' lang='lat' dir='ltr'><strong>recte&#39;&#39;et</strong></span> <span class='ocrx_word' id='word_1_117' title='bbox 1156 2075 1216 2121; x_wconf 86' lang='lat' dir='ltr'><strong>ex-</strong></span> 
     </span>
     <span class='ocr_line' id='line_1_16' title="bbox 97 2147 1214 2260; baseline 0.005 -24"><span class='ocrx_word' id='word_1_118' title='bbox 97 2167 288 2258; x_wconf 72' lang='lat' dir='ltr'><strong>plicandis*</strong></span> <span class='ocrx_word' id='word_1_119' title='bbox 306 2183 340 2238; x_wconf 88' lang='lat' dir='ltr'><strong>et</strong></span> <span class='ocrx_word' id='word_1_120' title='bbox 370 2170 617 2240; x_wconf 90' lang='lat' dir='ltr'><strong>consociandis</strong></span> <span class='ocrx_word' id='word_1_121' title='bbox 645 2147 898 2260; x_wconf 81' lang='lat' dir='ltr'><strong>adhibendam</strong></span> <span class='ocrx_word' id='word_1_122' title='bbox 922 2191 995 2239; x_wconf 89' lang='lat' dir='ltr'><strong>esse</strong></span> <span class='ocrx_word' id='word_1_123' title='bbox 1024 2168 1214 2242; x_wconf 80' lang='lat' dir='ltr'><strong>contendo.</strong></span> 
     </span>
     <span class='ocr_line' id='line_1_17' title="bbox 96 2273 1216 2380; baseline 0 -24"><span class='ocrx_word' id='word_1_124' title='bbox 96 2285 192 2358; x_wconf 90' lang='lat' dir='ltr'><strong>Nam</strong></span> <span class='ocrx_word' id='word_1_125' title='bbox 207 2311 317 2380; x_wconf 91' lang='lat' dir='ltr'><strong>quum</strong></span> <span class='ocrx_word' id='word_1_126' title='bbox 332 2283 376 2356; x_wconf 90' lang='lat' dir='ltr'><strong>D.</strong></span> <span class='ocrx_word' id='word_1_127' title='bbox 390 2282 523 2356; x_wconf 89' lang='lat' dir='ltr'><strong>Paulus</strong></span> <span class='ocrx_word' id='word_1_128' title='bbox 536 2273 656 2357; x_wconf 87' lang='lat' dir='ltr'><strong>mente</strong></span> <span class='ocrx_word' id='word_1_129' title='bbox 671 2286 812 2357; x_wconf 87' lang='lat' dir='ltr'><strong>subtilis</strong></span> <span class='ocrx_word' id='word_1_130' title='bbox 828 2286 892 2372; x_wconf 90' lang='lat' dir='ltr'><strong>sit,</strong></span> <span class='ocrx_word' id='word_1_131' title='bbox 926 2286 1045 2362; x_wconf 82' lang='lat' dir='ltr'><strong>verbis</strong></span> <span class='ocrx_word' id='word_1_132' title='bbox 1059 2299 1161 2379; x_wconf 88' lang='lat' dir='ltr'><strong>aptus</strong></span> <span class='ocrx_word' id='word_1_133' title='bbox 1181 2301 1216 2357; x_wconf 88' lang='lat' dir='ltr'><strong>et</strong></span> 
     </span>
     <span class='ocr_line' id='line_1_18' title="bbox 98 2395 1216 2498; baseline -0.004 -23"><span class='ocrx_word' id='word_1_134' title='bbox 98 2429 253 2497; x_wconf 88' lang='lat' dir='ltr'><strong>pressus,</strong></span> <span class='ocrx_word' id='word_1_135' title='bbox 275 2395 530 2476; x_wconf 83' lang='lat' dir='ltr'><strong>sententiarum</strong></span> <span class='ocrx_word' id='word_1_136' title='bbox 544 2403 743 2498; x_wconf 67' lang='lat' dir='ltr'><strong>frequentiis</strong></span> <span class='ocrx_word' id='word_1_137' title='bbox 758 2405 930 2476; x_wconf 88' lang='lat' dir='ltr'><strong>creberet</strong></span> <span class='ocrx_word' id='word_1_138' title='bbox 944 2417 1020 2475; x_wconf 89' lang='lat' dir='ltr'><strong>toto</strong></span> <span class='ocrx_word' id='word_1_139' title='bbox 1035 2403 1216 2474; x_wconf 88' lang='lat' dir='ltr'><strong>scribendi</strong></span> 
     </span>
     <span class='ocr_line' id='line_1_19' title="bbox 97 2497 1251 2612; baseline -0.003 -21"><span class='ocrx_word' id='word_1_140' title='bbox 97 2545 226 2612; x_wconf 85' lang='lat' dir='ltr'><strong>genere</strong></span> <span class='ocrx_word' id='word_1_141' title='bbox 241 2521 448 2606; x_wconf 85' lang='lat' dir='ltr'><strong>concitatus,</strong></span> <span class='ocrx_word' id='word_1_142' title='bbox 461 2521 612 2590; x_wconf 77' lang='lat' dir='ltr'><strong>minimi</strong></span> <span class='ocrx_word' id='word_1_143' title='bbox 624 2546 663 2590; x_wconf 92' lang='lat' dir='ltr'><strong>re</strong></span> <span class='ocrx_word' id='word_1_144' title='bbox 677 2497 838 2610; x_wconf 75' lang='lat' dir='ltr'><strong>negledtai</strong></span> <span class='ocrx_word' id='word_1_145' title='bbox 852 2533 927 2590; x_wconf 88' lang='lat' dir='ltr'><strong>tota</strong></span> <span class='ocrx_word' id='word_1_146' title='bbox 940 2543 1041 2612; x_wconf 83' lang='lat' dir='ltr'><strong>saepe</strong></span> <span class='ocrx_word' id='word_1_147' title='bbox 1055 2519 1216 2590; x_wconf 89' lang='lat' dir='ltr'><strong>acutissi-</strong></span> <span class='ocrx_word' id='word_1_148' title='bbox 1233 2580 1235 2585; x_wconf 91' lang='lat'><em>.</em></span> <span class='ocrx_word' id='word_1_149' title='bbox 1249 2575 1251 2580; x_wconf 95' lang='lat'>.</span> 
     </span>
     <span class='ocr_line' id='line_1_20' title="bbox 97 2634 1215 2734; baseline -0.002 -26"><span class='ocrx_word' id='word_1_150' title='bbox 97 2641 150 2708; x_wconf 92' lang='lat' dir='ltr'><strong>mi</strong></span> <span class='ocrx_word' id='word_1_151' title='bbox 164 2636 333 2734; x_wconf 88' lang='lat' dir='ltr'><strong>Apostoli</strong></span> <span class='ocrx_word' id='word_1_152' title='bbox 354 2639 544 2731; x_wconf 90' lang='lat' dir='ltr'><strong>disputatio</strong></span> <span class='ocrx_word' id='word_1_153' title='bbox 566 2639 793 2732; x_wconf 83' lang='lat' dir='ltr'><strong>pervertitur.</strong></span> <span class='ocrx_word' id='word_1_154' title='bbox 845 2634 986 2708; x_wconf 91' lang='lat' dir='ltr'><strong>Deinde</strong></span> <span class='ocrx_word' id='word_1_155' title='bbox 1006 2635 1112 2707; x_wconf 85' lang='lat' dir='ltr'><strong>Pauli</strong></span> <span class='ocrx_word' id='word_1_156' title='bbox 1133 2660 1215 2706; x_wconf 89' lang='lat' dir='ltr'><strong>sen-</strong></span> 
     </span>
     <span class='ocr_line' id='line_1_21' title="bbox 97 2745 1254 2852; baseline -0.01 -17"><span class='ocrx_word' id='word_1_157' title='bbox 97 2764 228 2835; x_wconf 90' lang='lat' dir='ltr'><strong>tentias</strong></span> <span class='ocrx_word' id='word_1_158' title='bbox 250 2763 439 2852; x_wconf 88' lang='lat' dir='ltr'><strong>diligenter</strong></span> <span class='ocrx_word' id='word_1_159' title='bbox 459 2759 632 2852; x_wconf 86' lang='lat' dir='ltr'><strong>explicavi</strong></span> <span class='ocrx_word' id='word_1_160' title='bbox 653 2759 703 2828; x_wconf 86' lang='lat' dir='ltr'><strong>ita</strong></span> <span class='ocrx_word' id='word_1_161' title='bbox 721 2771 763 2827; x_wconf 88' lang='lat' dir='ltr'><strong>ut</strong></span> <span class='ocrx_word' id='word_1_162' title='bbox 784 2781 906 2827; x_wconf 91' lang='lat' dir='ltr'><strong>earum</strong></span> <span class='ocrx_word' id='word_1_163' title='bbox 920 2756 1014 2848; x_wconf 86' lang='lat' dir='ltr'><strong>vim,</strong></span> <span class='ocrx_word' id='word_1_164' title='bbox 1038 2756 1214 2826; x_wconf 88' lang='lat' dir='ltr'><strong>rationem</strong></span> <span class='ocrx_word' id='word_1_165' title='bbox 1252 2745 1254 2756; x_wconf 70' lang='grc'>’</span> 
     </span>
     <span class='ocr_line' id='line_1_22' title="bbox 98 2861 1216 2966; baseline -0.005 -18"><span class='ocrx_word' id='word_1_166' title='bbox 98 2893 133 2948; x_wconf 91' lang='lat' dir='ltr'><strong>et</strong></span> <span class='ocrx_word' id='word_1_167' title='bbox 147 2903 228 2949; x_wconf 91' lang='lat' dir='ltr'><strong>cum</strong></span> <span class='ocrx_word' id='word_1_168' title='bbox 235 2875 389 2948; x_wconf 72' lang='lat' dir='ltr'><strong>Paulini</strong></span> <span class='ocrx_word' id='word_1_169' title='bbox 401 2875 556 2945; x_wconf 77' lang='lat' dir='ltr'><strong>formula</strong></span> <span class='ocrx_word' id='word_1_170' title='bbox 565 2861 833 2944; x_wconf 88' lang='lat' dir='ltr'><strong>consensionem</strong></span> <span class='ocrx_word' id='word_1_171' title='bbox 847 2872 1077 2966; x_wconf 83' lang='lat' dir='ltr'><strong>exquirerem.</strong></span> <span class='ocrx_word' id='word_1_172' title='bbox 1117 2869 1216 2942; x_wconf 89' lang='lat' dir='ltr'><strong>Lau-</strong></span> 
     </span>
     <span class='ocr_line' id='line_1_23' title="bbox 15 2987 1215 3090; baseline -0.01 -22"><span class='ocrx_word' id='word_1_173' title='bbox 15 3069 17 3088; x_wconf 61' lang='lat'><em>,</em></span> <span class='ocrx_word' id='word_1_174' title='bbox 99 2993 165 3082; x_wconf 87' lang='lat' dir='ltr'><strong>do,</strong></span> <span class='ocrx_word' id='word_1_175' title='bbox 199 2997 297 3090; x_wconf 90' lang='lat' dir='ltr'><strong>quod</strong></span> <span class='ocrx_word' id='word_1_176' title='bbox 317 2995 357 3064; x_wconf 91' lang='lat' dir='ltr'><strong>in</strong></span> <span class='ocrx_word' id='word_1_177' title='bbox 371 2990 464 3074; x_wconf 85' lang='lat' dir='ltr'><strong>hanc</strong></span> <span class='ocrx_word' id='word_1_178' title='bbox 478 3017 553 3063; x_wconf 90' lang='lat' dir='ltr'><strong>rem</strong></span> <span class='ocrx_word' id='word_1_179' title='bbox 568 3017 665 3063; x_wconf 91' lang='lat' dir='ltr'><strong>nunc</strong></span> <span class='ocrx_word' id='word_1_180' title='bbox 678 2990 760 3084; x_wconf 89' lang='lat' dir='ltr'><strong>plus</strong></span> <span class='ocrx_word' id='word_1_181' title='bbox 781 2990 954 3060; x_wconf 85' lang='lat' dir='ltr'><strong>acuminis</strong></span> <span class='ocrx_word' id='word_1_182' title='bbox 970 3003 1004 3060; x_wconf 90' lang='lat' dir='ltr'><strong>et</strong></span> <span class='ocrx_word' id='word_1_183' title='bbox 1017 2987 1215 3059; x_wconf 87' lang='lat' dir='ltr'><strong>industriae</strong></span> 
     </span>
     <span class='ocr_line' id='line_1_24' title="bbox 99 3091 1215 3213; baseline -0.013 -19"><span class='ocrx_word' id='word_1_184' title='bbox 99 3121 256 3194; x_wconf 86' lang='lat' dir='ltr'><strong>conferri</strong></span> <span class='ocrx_word' id='word_1_185' title='bbox 269 3121 377 3205; x_wconf 86' lang='lat' dir='ltr'><strong>solet,</strong></span> <span class='ocrx_word' id='word_1_186' title='bbox 402 3143 509 3213; x_wconf 91' lang='lat' dir='ltr'><strong>quam</strong></span> <span class='ocrx_word' id='word_1_187' title='bbox 521 3091 628 3188; x_wconf 86' lang='lat' dir='ltr'><strong>olim:</strong></span> <span class='ocrx_word' id='word_1_188' title='bbox 654 3127 809 3186; x_wconf 88' lang='lat' dir='ltr'><strong>ceterum</strong></span> <span class='ocrx_word' id='word_1_189' title='bbox 830 3107 918 3181; x_wconf 89' lang='lat' dir='ltr'><strong>hacc</strong></span> <span class='ocrx_word' id='word_1_190' title='bbox 932 3133 1074 3206; x_wconf 89' lang='lat' dir='ltr'><strong>quoque</strong></span> <span class='ocrx_word' id='word_1_191' title='bbox 1089 3109 1215 3200; x_wconf 90' lang='lat' dir='ltr'><strong>dispu-</strong></span> 
     </span>
     <span class='ocr_line' id='line_1_25' title="bbox 98 3226 1217 3322; baseline -0.013 -12"><span class='ocrx_word' id='word_1_192' title='bbox 98 3240 187 3310; x_wconf 87' lang='lat' dir='ltr'><strong>tatio</strong></span> <span class='ocrx_word' id='word_1_193' title='bbox 210 3264 252 3307; x_wconf 87' lang='lat' dir='ltr'><strong>ex</strong></span> <span class='ocrx_word' id='word_1_194' title='bbox 269 3236 431 3308; x_wconf 75' lang='lat' dir='ltr'><strong>accurati</strong></span> <span class='ocrx_word' id='word_1_195' title='bbox 453 3258 575 3304; x_wconf 88' lang='lat' dir='ltr'><strong>eorum</strong></span> <span class='ocrx_word' id='word_1_196' title='bbox 597 3233 776 3314; x_wconf 90' lang='lat' dir='ltr'><strong>locorum,</strong></span> <span class='ocrx_word' id='word_1_197' title='bbox 810 3252 851 3297; x_wconf 82' lang='lat' dir='ltr'><strong>er</strong></span> <span class='ocrx_word' id='word_1_198' title='bbox 873 3227 1005 3322; x_wconf 89' lang='lat' dir='ltr'><strong>quibus</strong></span> <span class='ocrx_word' id='word_1_199' title='bbox 1025 3226 1217 3316; x_wconf 88' lang='lat' dir='ltr'><strong>colligitur,</strong></span> 
     </span>
     <span class='ocr_line' id='line_1_26' title="bbox 100 3340 1216 3452; baseline -0.014 -22"><span class='ocrx_word' id='word_1_200' title='bbox 100 3359 390 3452; x_wconf 88' lang='lat' dir='ltr'><strong>interpretatione</strong></span> <span class='ocrx_word' id='word_1_201' title='bbox 405 3378 573 3447; x_wconf 87' lang='lat' dir='ltr'><strong>suspensa</strong></span> <span class='ocrx_word' id='word_1_202' title='bbox 589 3365 649 3423; x_wconf 88' lang='lat' dir='ltr'><strong>est.</strong></span> <span class='ocrx_word' id='word_1_203' title='bbox 702 3347 823 3438; x_wconf 85' lang='lat' dir='ltr'><strong>Quare</strong></span> <span class='ocrx_word' id='word_1_204' title='bbox 836 3340 1067 3430; x_wconf 89' lang='lat' dir='ltr'><strong>vehementer</strong></span> <span class='ocrx_word' id='word_1_205' title='bbox 1085 3358 1216 3430; x_wconf 89' lang='lat' dir='ltr'><strong>errant,</strong></span> 
     </span>
    </p>
   </div>
   <div class='ocr_carea' id='block_1_4' title="bbox 55 3459 1344 3575">
    <p class='ocr_par' dir='ltr' id='par_1_4' title="bbox 55 3459 1344 3575">
     <span class='ocr_line' id='line_1_27' title="bbox 55 3459 1344 3575; baseline -0.019 -24"><span class='ocrx_word' id='word_1_206' title='bbox 55 3551 57 3558; x_wconf 73' lang='grc'>,</span> <span class='ocrx_word' id='word_1_207' title='bbox 99 3479 162 3575; x_wconf 91' lang='lat' dir='ltr'><strong>qui</strong></span> <span class='ocrx_word' id='word_1_208' title='bbox 176 3479 231 3549; x_wconf 88' lang='lat' dir='ltr'><strong>vel</strong></span> <span class='ocrx_word' id='word_1_209' title='bbox 249 3477 343 3548; x_wconf 90' lang='lat' dir='ltr'><strong>acuti</strong></span> <span class='ocrx_word' id='word_1_210' title='bbox 359 3468 564 3568; x_wconf 90' lang='lat' dir='ltr'><strong>philosophi</strong></span> <span class='ocrx_word' id='word_1_211' title='bbox 578 3471 635 3540; x_wconf 92' lang='lat' dir='ltr'><strong>vel</strong></span> <span class='ocrx_word' id='word_1_212' title='bbox 650 3466 826 3558; x_wconf 87' lang='lat' dir='ltr'><strong>ingeniosi</strong></span> <span class='ocrx_word' id='word_1_213' title='bbox 840 3459 998 3552; x_wconf 87' lang='lat' dir='ltr'><strong>theologi</strong></span> <span class='ocrx_word' id='word_1_214' title='bbox 1017 3461 1149 3531; x_wconf 83' lang='lat' dir='ltr'><strong>samam</strong></span> <span class='ocrx_word' id='word_1_215' title='bbox 1165 3463 1215 3558; x_wconf 82' lang='lat' dir='ltr'><strong>ita</strong></span> <span class='ocrx_word' id='word_1_216' title='bbox 1339 3463 1344 3472; x_wconf 89' lang='lat'>&#39;</span> 
     </span>
    </p>
   </div>
   <div class='ocr_carea' id='block_1_5' title="bbox 100 3579 1214 3685">
    <p class='ocr_par' dir='ltr' id='par_1_5' title="bbox 100 3579 1214 3685">
     <span class='ocr_line' id='line_1_28' title="bbox 100 3579 1214 3685; baseline -0.016 -19"><span class='ocrx_word' id='word_1_217' title='bbox 100 3621 136 3666; x_wconf 89' lang='lat' dir='ltr'><strong>se</strong></span> <span class='ocrx_word' id='word_1_218' title='bbox 157 3581 368 3682; x_wconf 87' lang='lat' dir='ltr'><strong>collecturos</strong></span> <span class='ocrx_word' id='word_1_219' title='bbox 390 3606 533 3685; x_wconf 88' lang='lat' dir='ltr'><strong>sperant</strong></span> <span class='ocrx_word' id='word_1_220' title='bbox 553 3603 593 3660; x_wconf 92' lang='lat' dir='ltr'><strong>ut</strong></span> <span class='ocrx_word' id='word_1_221' title='bbox 614 3591 657 3658; x_wconf 89' lang='lat' dir='ltr'><strong>de</strong></span> <span class='ocrx_word' id='word_1_222' title='bbox 672 3585 778 3657; x_wconf 90' lang='lat' dir='ltr'><strong>Pauli</strong></span> <span class='ocrx_word' id='word_1_223' title='bbox 799 3581 982 3653; x_wconf 87' lang='lat' dir='ltr'><strong>sententiis</strong></span> <span class='ocrx_word' id='word_1_224' title='bbox 1003 3579 1116 3651; x_wconf 91' lang='lat' dir='ltr'><strong>Paulo</strong></span> <span class='ocrx_word' id='word_1_225' title='bbox 1139 3605 1214 3650; x_wconf 89' lang='lat' dir='ltr'><strong>non</strong></span> 
     </span>
    </p>
   </div>
   <div class='ocr_carea' id='block_1_6' title="bbox 101 3698 1214 3924">
    <p class='ocr_par' dir='ltr' id='par_1_6' title="bbox 101 3698 1214 3924">
     <span class='ocr_line' id='line_1_29' title="bbox 101 3698 1214 3790; baseline -0.016 -8"><span class='ocrx_word' id='word_1_226' title='bbox 101 3715 280 3784; x_wconf 88' lang='lat' dir='ltr'><strong>intellecto</strong></span> <span class='ocrx_word' id='word_1_227' title='bbox 295 3713 406 3782; x_wconf 91' lang='lat' dir='ltr'><strong>multa</strong></span> <span class='ocrx_word' id='word_1_228' title='bbox 421 3723 553 3780; x_wconf 88' lang='lat' dir='ltr'><strong>temere</strong></span> <span class='ocrx_word' id='word_1_229' title='bbox 568 3707 744 3786; x_wconf 72' lang='lat' dir='ltr'><strong>effutiant</strong></span> <span class='ocrx_word' id='word_1_230' title='bbox 794 3701 895 3790; x_wconf 89' lang='lat' dir='ltr'><strong>Quin</strong></span> <span class='ocrx_word' id='word_1_231' title='bbox 918 3700 1024 3770; x_wconf 87' lang='lat' dir='ltr'><strong>etiam</strong></span> <span class='ocrx_word' id='word_1_232' title='bbox 1046 3700 1086 3768; x_wconf 90' lang='lat' dir='ltr'><strong>in</strong></span> <span class='ocrx_word' id='word_1_233' title='bbox 1108 3698 1153 3768; x_wconf 92' lang='lat' dir='ltr'><strong>iis</strong></span> <span class='ocrx_word' id='word_1_234' title='bbox 1167 3698 1214 3766; x_wconf 88' lang='lat' dir='ltr'><strong>li-</strong></span> 
     </span>
     <span class='ocr_line' id='line_1_30' title="bbox 101 3816 1213 3924; baseline -0.018 -22"><span class='ocrx_word' id='word_1_235' title='bbox 101 3833 194 3916; x_wconf 88' lang='lat' dir='ltr'><strong>bris,</strong></span> <span class='ocrx_word' id='word_1_236' title='bbox 218 3829 349 3924; x_wconf 93' lang='lat' dir='ltr'><strong>quibus</strong></span> <span class='ocrx_word' id='word_1_237' title='bbox 362 3825 468 3896; x_wconf 90' lang='lat' dir='ltr'><strong>Pauli</strong></span> <span class='ocrx_word' id='word_1_238' title='bbox 481 3817 674 3896; x_wconf 86' lang='lat' dir='ltr'><strong>formulam</strong></span> <span class='ocrx_word' id='word_1_239' title='bbox 689 3818 887 3889; x_wconf 87' lang='lat' dir='ltr'><strong>dilucidare</strong></span> <span class='ocrx_word' id='word_1_240' title='bbox 910 3816 1079 3886; x_wconf 92' lang='lat' dir='ltr'><strong>nonnulli</strong></span> <span class='ocrx_word' id='word_1_241' title='bbox 1097 3836 1213 3917; x_wconf 77' lang='lat' dir='ltr'><strong>nuper</strong></span> 
     </span>
    </p>
   </div>
   <div class='ocr_carea' id='block_1_7' title="bbox 103 3935 1271 4394">
    <p class='ocr_par' dir='ltr' id='par_1_7' title="bbox 103 3935 1271 4394">
     <span class='ocr_line' id='line_1_31' title="bbox 103 3935 1271 4035; baseline -0.019 -14"><span class='ocrx_word' id='word_1_242' title='bbox 103 3948 218 4021; x_wconf 90' lang='lat' dir='ltr'><strong>conati</strong></span> <span class='ocrx_word' id='word_1_243' title='bbox 234 3959 333 4031; x_wconf 86' lang='lat' dir='ltr'><strong>sunt,</strong></span> <span class='ocrx_word' id='word_1_244' title='bbox 363 3939 461 4014; x_wconf 89' lang='lat' dir='ltr'><strong>haud</strong></span> <span class='ocrx_word' id='word_1_245' title='bbox 475 3964 607 4035; x_wconf 89' lang='lat' dir='ltr'><strong>paucos</strong></span> <span class='ocrx_word' id='word_1_246' title='bbox 626 3962 761 4009; x_wconf 89' lang='lat' dir='ltr'><strong>errores</strong></span> <span class='ocrx_word' id='word_1_247' title='bbox 783 3935 954 4028; x_wconf 88' lang='lat' dir='ltr'><strong>reperias,</strong></span> <span class='ocrx_word' id='word_1_248' title='bbox 979 3957 1068 4026; x_wconf 91' lang='lat' dir='ltr'><strong>quos</strong></span> <span class='ocrx_word' id='word_1_249' title='bbox 1084 3957 1212 4024; x_wconf 90' lang='lat' dir='ltr'><strong>pamm</strong></span> <span class='ocrx_word' id='word_1_250' title='bbox 1268 4011 1271 4020; x_wconf 25' lang='grc' dir='ltr'>ι</span> 
     </span>
     <span class='ocr_line' id='line_1_32' title="bbox 103 4050 1212 4155; baseline -0.019 -15"><span class='ocrx_word' id='word_1_251' title='bbox 103 4082 263 4141; x_wconf 88' lang='lat' dir='ltr'><strong>accurata</strong></span> <span class='ocrx_word' id='word_1_252' title='bbox 277 4064 521 4155; x_wconf 87' lang='lat' dir='ltr'><strong>interpretatio</strong></span> <span class='ocrx_word' id='word_1_253' title='bbox 539 4058 723 4153; x_wconf 81' lang='lat' dir='ltr'><strong>pepererit.</strong></span> <span class='ocrx_word' id='word_1_254' title='bbox 774 4053 872 4125; x_wconf 84' lang='lat' dir='ltr'><strong>Tum</strong></span> <span class='ocrx_word' id='word_1_255' title='bbox 886 4051 1005 4122; x_wconf 86' lang='lat' dir='ltr'><strong>animo</strong></span> <span class='ocrx_word' id='word_1_256' title='bbox 1027 4075 1047 4118; x_wconf 92' lang='lat' dir='ltr'><strong>a</strong></span> <span class='ocrx_word' id='word_1_257' title='bbox 1069 4050 1212 4142; x_wconf 89' lang='lat' dir='ltr'><strong>praeju-</strong></span> 
     </span>
     <span class='ocr_line' id='line_1_33' title="bbox 103 4169 1212 4277; baseline -0.025 -15"><span class='ocrx_word' id='word_1_258' title='bbox 103 4190 225 4262; x_wconf 88' lang='lat' dir='ltr'><strong>dicatis</strong></span> <span class='ocrx_word' id='word_1_259' title='bbox 254 4183 484 4277; x_wconf 91' lang='lat' dir='ltr'><strong>opinionibus</strong></span> <span class='ocrx_word' id='word_1_260' title='bbox 513 4181 627 4249; x_wconf 87' lang='lat' dir='ltr'><strong>libero</strong></span> <span class='ocrx_word' id='word_1_261' title='bbox 657 4172 860 4267; x_wconf 87' lang='lat' dir='ltr'><strong>interpretis</strong></span> <span class='ocrx_word' id='word_1_262' title='bbox 894 4191 1041 4238; x_wconf 88' lang='lat' dir='ltr'><strong>munere</strong></span> <span class='ocrx_word' id='word_1_263' title='bbox 1068 4169 1212 4238; x_wconf 86' lang='lat' dir='ltr'><strong>functus</strong></span> 
     </span>
     <span class='ocr_line' id='line_1_34' title="bbox 104 4286 1211 4394; baseline -0.023 -14"><span class='ocrx_word' id='word_1_264' title='bbox 104 4331 174 4380; x_wconf 87' lang='lat' dir='ltr'><strong>esse</strong></span> <span class='ocrx_word' id='word_1_265' title='bbox 189 4300 282 4377; x_wconf 91' lang='lat' dir='ltr'><strong>mihi</strong></span> <span class='ocrx_word' id='word_1_266' title='bbox 296 4301 432 4384; x_wconf 84' lang='lat' dir='ltr'><strong>videor,</strong></span> <span class='ocrx_word' id='word_1_267' title='bbox 459 4320 705 4394; x_wconf 83' lang='lat' dir='ltr'><strong>quamcunque</strong></span> <span class='ocrx_word' id='word_1_268' title='bbox 720 4289 930 4362; x_wconf 90' lang='lat' dir='ltr'><strong>sententiam</strong></span> <span class='ocrx_word' id='word_1_269' title='bbox 943 4286 1094 4376; x_wconf 90' lang='lat' dir='ltr'><strong>diligens</strong></span> <span class='ocrx_word' id='word_1_270' title='bbox 1109 4307 1211 4380; x_wconf 59' lang='lat' dir='ltr'><strong>praeL</strong></span> 
     </span>
    </p>
   </div>
   <div class='ocr_carea' id='block_1_8' title="bbox 0 0 1427 5048">
    <p class='ocr_par' dir='ltr' id='par_1_8' title="bbox 0 0 1427 5048">
     <span class='ocr_line' id='line_1_35' title="bbox 0 0 1427 5048; baseline 0 0"><span class='ocrx_word' id='word_1_271' title='bbox 0 0 1427 5048; x_wconf 95' lang='lat' dir='ltr'><strong> </strong></span> 
     </span>
    </p>
   </div>
  </div>
 </body>
</html>
