2840 5048
112 311 135 331 ·
199 379 249 424 ιιι
535 353 994 450 PROLEGOMBNA..
1061 289 1110 370 P

101 549 106 558 r
162 567 166 574 .
201 526 362 585 transacta
374 519 607 601 allerrepotuit'.
651 519 756 598 illeque
776 516 857 600 euim
870 517 953 594 ludis
966 518 1156 594 Graecorum
1169 517 1313 600 literariis

202 625 291 669 usum
304 621 372 670 esse
381 653 391 687 ,
422 605 474 692 qul
490 603 928 686 judaicacdisoiplinaeesset,
937 624 955 682 p
966 602 1207 696 Pharisaeorum
1223 603 1312 684 iusti-

202 691 275 756 tutia
295 691 417 758 tuturus
436 691 583 772 magister
598 689 742 764 credibile
760 699 891 770 satsat,
914 691 1018 762 sinon
1033 710 1125 772 puer,
1157 698 1242 772 certe
1258 689 1312 752 ad·

199 775 453 859 modump'nrcuis
468 763 693 860 Hierosolyma:
703 775 795 848 veto
806 776 982 856 parentibus
995 777 1111 852 missus
1127 786 1189 856 est,
1211 775 1312 850 veliis
1372 805 1375 810 ·

93 913 96 920 ,
199 863 329 926 mortuis
345 863 438 939 orbus
450 865 490 934 ab
507 885 613 940 sorore
625 865 771 935 deductus
785 862 867 943 (hot.
881 863 935 942 23,
951 862 1039 947 1⁶0),
1061 870 1094 924 ut
1109 861 1152 927 ihi
1167 882 1259 942 qurum
1277 859 1312 946 (a

201 950 332 1013 sorore‘l
354 966 384 1015 r.
397 949 463 1016 aot.
478 949 531 1029 23,
550 951 601 1017 la.
624 950 664 1024 ol,
680 951 737 1030 22,
751 948 802 1032 3.)
816 951 1012 1028 ‚educaretun
1034 957 1098 1012 tum
1111 966 1132 1010 a
1145 947 1312 1016 Gamaliele

200 1035 350 1116 magistro
364 1035 601 1098 Pharisaeorum
614 1035 723 1109 snudiis
735 1035 925 1112 initiaretur,
948 1044 978 1098 et
990 1035 1129 1098 redolent
1141 1033 1232 1098 Pauli
1246 1031 1311 1114 epi-

201 1121 302 1186 stolae
321 1122 521 1188 eruditionem
534 1121 705 1204 judaicam,
720 1141 798 1192 ,non
813 1138 968 1204 graecam.
1011 1118 1241 1200 Quippe1ll.„'l¹.
1260 1120 1311 1182 in·
1405 1124 1408 1127 ’

199 1207 396 1288 terpretatio,
414 1207 594 1288 disputandi
616 1208 696 1278 ratio
717 1215 747 1270 et
761 1206 863 1286 ipsum
879 1226 978 1287 genus
994 1205 1111 1270 dicendi
1126 1206 1268 1270 sulailem
1283 1213 1312 1268 et

189 1293 395 1360 ·excrcitatum
409 1293 600 1366 Gamalielis,
614 1293 801 1374 discipulum
821 1302 972 1374 arguunt5
1001 1300 1200 1373 annuentem
1221 1292 1311 1355 ualde

199 1380 371 1450 celebratas
392 1397 575 1459 graecorum
594 1385 752 1459 po'e'tarum
772 1378 937 1462 sonantius
958 1376 1080 1458 citavit,
1109 1395 1203 1440 unam
1223 1377 1313 1442 Arati

37 1563 42 1578 ι
149 1516 153 1524 ,
198 1466 267 1531 Act.
283 1466 419 1546 latu..
441 1465 570 1530 alteram
582 1465 747 1535 Menandri
770 1466 876 1536 lCor.
890 1464 1028 1546 15,,33.’,
1050 1464 1171 1526 tertiam
1185 1463 1311 1543 Epime-

198 1551 280 1616 nidis
295 1551 362 1616 'Pit
380 1554 412 1628 l,
427 1553 496 1632 l2.,
525 1573 578 1616 eas
591 1552 722 1628 Paulum
745 1551 856 1616 afferre
878 1549 1032 1634 potuisse,
1061 1549 1089 1615 si
1104 1571 1142 1612 ne
1156 1549 1311 1631 attigisset

199 1637 320 1718 quidem
339 1641 613 1719 politas'gracoos,
641 1659 704 1704 non
717 1641 808 1702 modo
819 1637 854 1701 in
871 1636 912 1706 iis
927 1636 1081 1701 uolutatus
1100 1645 1201 1716 esset,
1221 1655 1309 1699 nemo

196 1743 259 1786 non
270 1723 363 1786 hodio
376 1723 527 1790 concedit.
555 1723 670 1802 Quidni
686 1723 831 1802 animani
843 1723 877 1785 in
889 1723 1051 1789 multorum
1060 1720 1246 1795 Graecorum
1256 1743 1311 1784 ore
1341 1724 1347 1731 ’

195 1819 285 1872 erant
296 1828 405 1871 uersus
418 1809 522 1872 auditu
537 1809 729 1890 perceperit?
757 1808 803 1890 (v.
817 1806 1038 1896 walencourt.
1081 1809 1128 1871 De
1143 1807 1312 1870 eruditione

130 1933 135 1944 ·
160 1919 168 1932 ⁸
195 1895 231 1960 P.
242 1892 387 1976 judaica,
413 1916 476 1957 non
490 1897 605 1976 graeca
618 1895 709 1974 Lips.
724 1896 819 1960 1709.
832 1893 866 1957 4.
888 1895 929 1960 cl.
947 1892 1134 1957 Schramm.
1178 1892 1224 1956 Ile
1238 1903 1310 1956 sta·

168 1991 171 1994 '
194 1981 311 2063 penda
336 1979 504 2044 eruditione
523 1981 559 2044 P.
579 1981 641 2062 Ap.
662 1980 757 2044 Herh.
780 1979 875 2044 1710.
894 1978 955 2064 4.).
1000 1980 1148 2044 Solehaut
1169 1982 1309 2042 doctores

192 2067 260 2150 jud.
274 2065 442 2146 opificium,
463 2063 524 2147 ¹quo
538 2087 571 2129 se
586 2074 804 2150 sustentarent,
827 2066 996 2130 addiscere.
1032 2067 1074 2129 Et
1088 2066 1122 2130 P.
1136 2066 1256 2144 quidem
1269 2057 1311 2127 ad

195 2171 300 2217 eorum
314 2149 366 2232 qni
380 2153 580 2225 tabernacula
592 2153 614 2219 i.
629 2173 655 2217 e.
669 2151 936 2214 tabernaculorum
942 2151 1029 2230 vela,
1052 2150 1153 2214 cilicia
1166 2151 1310 2232 maxime,

94 2238 102 2263 ‘
195 2239 390 2301 confecerunt
407 2249 512 2301 artem¹
522 2259 556 2302 sc
571 2237 715 2316 contulit,
735 2255 756 2298 a
770 2237 872 2300 multis
887 2245 950 2300 tum
961 2235 993 2298 in
1006 2236 1118 2301 Cilicia
1133 2238 1244 2302 cultam
1262 2237 1310 2322 (v.

192 2323 263 2388 aot.
278 2323 331 2404 18,
348 2323 379 2409 3.
408 2333 437 2386 et
457 2323 576 2404 Huga'a‘
589 2319 670 2390 ator.
683 2321 723 2401 11,
738 2325 813 2388 291.
831 2343 878 2404 sq.
910 2324 956 2386 ed
970 2321 1031 2407 2.).
1073 2323 1170 2407 Cujus
1195 2321 1310 2403 opificii

193 2408 366 2499 tirocinium
380 2407 454 2472 siin
470 2409 544 2492 ipsa
556 2407 833 2492 Ciliciaahsolvit,
855 2429 930 2490 puer
947 2406 1118 2489 quindecim
1131 2411 1196 2473 sere
1212 2427 1310 2472 anno-

193 2517 261 2560 rum
286 2497 416 2577 primum
437 2493 655 2578 Hierosolyma
673 2494 766 2562 venit.
806 2493 852 2557 lti
871 2495 977 2559 lesum
997 2515 1097 2578 ueqrre
1116 2496 1192 2559 vidit
1204 2501 1309 2576 'neque

75 2652 78 2660 ,
192 2581 334 2648 audiuit..
360 2581 441 2645 Nam
454 2579 559 2645 desum
574 2581 659 2650 coelo
674 2585 832 2660 receptum
848 2579 1070 2655 eiDamascum
1082 2583 1194 2664 petenti
1206 2583 1307 2664 primo
1360 2593 1368 2600 “
1408 2656 1414 2665 ‚

180 2687 227 2732 -se
247 2689 303 2750 per
321 2665 503 2730 miraculum
520 2668 672 2731 obtulisse
697 2685 736 2739 ex
749 2667 816 2732 Act.
830 2667 888 2746 22,
898 2667 950 2732 14.
973 2669 1013 2734 cl.
1027 2669 1060 2748 9,
1076 2670 1107 2733 ὗ.
1129 2669 1182 2748 22,
1197 2669 1228 2732 8.
1251 2667 1308 2748 26,

178 2754 245 2820 “152
258 2755 285 2818 -1
304 2752 376 2817 eor.
390 2754 423 2832 9,
437 2755 466 2819 l.
489 2755 542 2833 15,
557 2755 590 2818 8.
612 2751 768 2817 discimus.
812 2751 874 2814 Sed
883 2752 1001 2818 curisti
1015 2753 1153 2816 doctrina
1169 2755 1207 2816 ah
1217 2753 1307 2833 Apo-

94 2896 98 2904 .
179 2837 283 2904 ''stolit
303 2839 423 2907 sortiter
444 2840 558 2902 tradita
578 2856 599 2900 a
621 2837 785 2920 multisque
808 2837 898 2901 auide
928 2846 1057 2920 excepta
1078 2839 1307 2922 Hierosolymis

190 2934 307 2990 tautam
322 2923 386 2986 aori
400 2925 505 3005 juveni
520 2933 549 2990 et
562 2924 733 3005 uehementi
753 2922 992 3006 indignationem
1008 2933 1180 3008 tantumque
1201 2927 1308 2988 odium

189 3012 284 3075 movit
306 3020 339 3073 ut
360 3009 518 3090 improbo,
546 3031 634 3090 quem
657 3011 742 3090 pium
760 3022 823 3074 tum
843 3009 1098 3090 interpretabatur
1117 3013 1186 3077 Act.
1202 3013 1255 3093 22,
1271 3009 1306 3076 3.

189 3099 244 3177 26,
259 3098 311 3176 9.,
338 3097 442 3159 sturorc
458 3096 505 3161 'in'
518 3096 716 3160 Christianos
738 3097 870 3159 saeviret
890 3093 961 3160 Act.
976 3097 1008 3175 7,
1029 3098 1083 3160 59.
1105 3099 1183 3176 8,1.
1203 3099 1257 3176 22,
1271 3095 1306 3161 4.

119 3241 124 3252 ,
176 3183 310 3262 talo.
333 3181 401 3248 Gal.
418 3183 517 3262 1‚13.
560 3183 685 3246 Scilicet
708 3183 759 3266 qui
781 3181 899 3251 nullum
915 3181 1166 3247 Messiaedecus
1183 3183 1304 3246 iuJesu

152 3319 156 3330 .
189 3278 387 3352 agnosceret,
409 3268 437 3331 ei
451 3267 591 3333 doctriua
604 3269 711 3332 christ.
726 3288 788 3330 uon
801 3272 918 3331 tantum
929 3267 1049 3346 inaniS,
1071 3271 1125 3332 sed
1139 3269 1232 3354 etiam
1244 3268 1304 3330 im-

190 3358 289 3434 proba
302 3354 372 3422 visa
390 3363 453 3434 ost,
476 3365 509 3416 ut
523 3374 615 3434 qnam
629 3364 696 3416 tum¹
707 3353 811 3418 diuina
825 3354 927 3417 Mosis
938 3355 1095 3433 instituta,
1119 3363 1181 3416 tum
1195 3363 1306 3418 sancta

173 3440 427 3505 Pharisaeorum
445 3440 578 3520 placita,
608 3453 736 3522 quorum
750 3455 812 3501 non
825 3440 925 3502 minor
939 3439 996 3502 luit
1014 3441 1187 3505 reverentia
1198 3450 1228 3503 ct
1243 3459 1303 3501 au-

93 3545 95 3552 ·
189 3527 318 3608 ctoritas
340 3525 701 3613 uol.1,14.‚·orertere
723 3524 882 3608 ipsumque
896 3525 993 3608 Deum
1013 3538 1196 3607 oppugnare
1214 3536 1302 3605 puta·
1418 3529 1419 3532 ’

182 3619 245 3688 ret.
289 3613 349 3676 Sed
371 3631 462 3690 quum
479 3611 643 3692 cupiditate
660 3621 839 3674 occaecatus
854 3605 943 3676 surim
958 3613 989 3674 in
1004 3611 1200 3675 Christianos
1210 3613 1303 3674 'furro-

188 3718 252 3761 rem
265 3697 298 3760 in
313 3698 438 3778 Syriam
450 3695 619 3760 transferre
632 3707 757 3780 pararet
773 3697 906 3779 iterque,
931 3710 964 3760 ut
979 3698 1012 3760 in
1026 3697 1221 3762 Christianos
1235 3697 1302 3760 Da-

156 3825 158 3842 .
188 3803 347 3846 maseeuos
369 3783 400 3844 vi
420 3793 638 3864 grassaretur,
666 3783 828 3862 ingressus
848 3796 932 3847 esset
957 3785 1162 3864 Damascum,
1195 3792 1300 3848 evento

119 3923 123 3932 ,
190 3871 322 3948 quodam
334 3869 491 3948 inopinato
506 3876 537 3931 'et
551 3867 687 3933 miraloili
703 3869 786 3931 Deus
806 3869 923 3949 effecit,
943 3878 978 3931 ut
993 3869 1192 3933 saevissimus
1209 3867 1301 3933 Chri-

189 3953 230 4018 sti
256 3954 424 4018 insectator
453 3975 545 4034 quum
563 3955 696 4036 optimus
716 3953 906 4036 maximeque
926 3955 995 4036 pius
1019 3956 1135 4020 Ghristi
1161 3955 1301 4020 alumnus

132 4067 134 4071 ’
187 4039 349 4104 exsisteret
368 4050 432 4104 tum
445 4040 613 4122 Apostolus
631 4041 703 4108 aa.
718 4042 751 4120 9,
769 4039 802 4106 3.
820 4060 868 4120 sq.
897 4041 950 4122 22,
969 4041 1001 4106 6.
1026 4061 1072 4122 sq.
1098 4043 1154 4122 26,
1175 4045 1226 4108 12.
1243 4062 1301 4122 sq..

188 4124 426 4190 Diversissimae
441 4137 470 4189 et
486 4136 556 4190 sunt
575 4122 741 4190 et‘iuerrmt
755 4127 986 4206 Theologorum
1007 4129 1044 4190 de
1063 4148 1097 4190 re
1118 4125 1214 4202 Paulo
1234 4129 1299 4189 Da-

187 4230 325 4275 mascum
341 4212 455 4292 petenti
470 4213 589 4296 objecta
604 4214 653 4276 vel
668 4213 834 4276 sententiae
848 4215 897 4276 uel
907 4212 1074 4292 ‘opiniones
1089 4214 1135 4298 (v.
1150 4214 1302 4292 iuterpre-

180 4309 233 4364 tes
251 4298 288 4362 ad
302 4299 370 4362 hot.
383 4299 415 4362 9.
428 4299 458 4361 3.
476 4298 557 4385 sq.),
580 4317 657 4378 quas
671 4300 772 4362 alieno
787 4301 809 4363 l.
826 4299 878 4361 hic
899 4299 1154 4366 examinaremus.
1198 4299 1302 4376 erare

191 4394 307 4450 tanturn
324 4383 550 4465 contendimus,
574 4393 719 4464 quantum
735 4385 776 4448 ab
790 4384 1129 4476 omnihusoconceditur,
1149 4406 1182 4448 rc
1196 4394 1301 4448 extra
