2814 5048
102 367 109 380 .
151 429 154 440 ,
219 359 287 428 aes
428 355 718 429 urlsroun
744 339 1131 428 suffluounuos
1164 393 1189 404 --

218 521 354 625 verbum
372 519 465 586 nolit
485 519 684 609 interpositd
707 537 785 586 rore
805 518 973 588 interdum
992 517 1187 585 admovetur
1202 517 1251 602 (v.
1265 513 1328 579 Al-

191 605 450 804 sarata
465 605 560 758 ts
575 599 1327 793 ἕθθνιῖνθνιίιοἰμνιξθι

161 812 167 826 ·
219 801 259 930 ι.
355 799 486 928 ‘un
510 769 602 928 cti
621 776 1003 948 autorisatae.
1027 778 1209 938 ινιιιιι
1223 791 1329 930 ss:

219 947 316 1036 ἐσσί
335 944 473 1013 τοῦτο.
517 944 695 1013 Lectiones
711 937 776 1011 ὧδε
789 968 855 1048 pro
875 939 895 1012 ὃ
917 943 955 1012 δέ
967 950 1002 1010 et
1026 941 1250 1042 ζηαήνορνσ
1273 936 1292 1018 ζ
1311 977 1331 988 -

191 1108 194 1120 Δ
219 1037 364 1115 σεῖσαι,
403 1053 542 1142 quarum
565 1033 658 1100 illam
687 1036 816 1120 recepit
826 1030 963 1098 Lochm.
971 1079 996 1112 „
1012 1027 1218 1117 quisquiliae
1242 1029 1331 1089 sunt.

161 1181 165 1194 .
219 1115 295 1190 Jam
311 1118 385 1186 h.l.
405 1117 424 1185 h
447 1139 466 1182 a
488 1117 601 1202 verbis
621 1111 852 1203 ἀποθνήσκειν
869 1124 904 1181 et
925 1115 982 1201 ζῆν
995 1116 1045 1180 uti
1071 1107 1330 1200 uesuspenden-

219 1203 297 1270 dum
311 1210 386 1271 est.
417 1201 547 1293 Nempe
563 1195 794 1288 ἀποθνήσκειν
811 1196 846 1266 τί
865 1207 900 1266 et
916 1199 972 1288 ζήν
985 1223 1020 1265 τι
1035 1137 1332 1296 οίίὶμιαοινρονίοοι

219 1287 324 1390 mori,
346 1288 490 1394 aliquam
504 1289 606 1356 uitam
618 1287 723 1353 σίοονο
742 1285 892 1352 declarat
905 1291 953 1373 (v.
968 1284 1109 1350 Luciun.
1123 1281 1217 1348 Tim.-
1233 1301 1264 1346 c.
1279 1277 1330 1342 33.

220 1370 341 1458 ἄνδρας
362 1375 437 1455 βιον
461 1371 527 1456 ζῆν.
563 1366 722 1439 ‘Charito
744 1395 778 1462 p.
794 1373 844 1442 12.
865 1370 919 1440 ed.
932 1369 1087 1448 d’Oroille
1099 1361 1333 1452 ἀποθνήσκειν

221 1451 374 1524 θάνατον
383 1457 539 1545 μακρόν).
581 1455 713 1525 Verte:
740 1479 838 1546 quam
853 1465 990 1523 mortem
1004 1462 1148 1524 mortuus
1162 1457 1231 1533 est,
1260 1469 1332 1548 eam

244 1547 355 1618 coccio
368 1549 514 1610 mortuus
526 1549 576 1609 est
588 1543 695 1618 cunei,
718 1563 816 1626 qucum
829 1544 932 1609 vitum
945 1541 1041 1621 uicit,
1072 1559 1144 1604 eom
1158 1537 1232 1602 Deo
1242 1539 1332 1600 οισιί.

219 1564 346 1707 hadom
367 1635 423 1693 cst
440 1628 527 1693 ratic
546 1627 703 1694 looiGai.
718 1629 751 1710 2,
763 1629 817 1694 2⁰.
874 1625 931 1692 Sic
948 1630 1037 1690 recte
1055 1625 1088 1690 h.
1102 1623 1128 1688 l.
1144 1617 1333 1702 Theophyl,

205 1712 317 1801 ¹(lec,
343 1714 496 1797 Eram,
522 1711 645 1780 Ιίιιοοίι.
665 1713 729 1796 al.,
763 1711 806 1778 ad
821 1711 899 1782 Gal.
920 1713 946 1779 l.
969 1711 994 1780 l.
1018 1705 1209 1790 Ίίιοομίιμί..
1242 1705 1334 1768 Uale-

216 1798 308 1881 sius,
337 1796 477 1881 Rueck„
504 1799 629 1865 Schoti.
653 1797 836 1866 comment.
855 1797 981 1886 pctffl.
997 1795 1043 1860 cl.
1091 1791 1275 1898 Perperam
1294 1789 1336 1875 σή

191 1927 196 1932 ,
220 1873 369 1971 ἇμαρτίρι
380 1883 514 1968 virgulio
551 1893 605 1949 ost
619 1882 653 1948 id
666 1871 736 1951 hoo.
752 1883 861 1951 locott
877 1881 918 1947 ad
932 1905 964 1951 v.
985 1867 1251 1966 (ὂγοίρᾶπεθανε
1263 1880 1332 1938 tra-

219 1967 314 2034 hitur
338 1991 357 2032 a
377 1968 432 2036 73.
453 1967 509 2040 80.
526 1905 579 2038 ht.
601 1964 707 2056 Vulg.
729 1975 764 2036 ot
786 1966 857 2036 PP.
879 1971 941 2036 lat.
965 1967 1011 2054 (v.
1033 1961 1234 2045 sabatius,
1267 1981 1330 2024 nou

219 2053 300 2120 item
315 2052 359 2118 ab
375 2055 523 2136 Erusmo,
544 2077 651 2143 neque
665 2077 683 2120 a
698 2055 779 2138 Syro
793 2059 841 2139 (v.
857 2055 1007 2120 Τίιοίαοο.
1024 2056 1059 2116 et
1070 2045 1211 2129 heich).
1243 2041 1329 2110 Nam

219 2145 260 2204 ut
273 2159 306 2206 v.
327 2139 368 2228 τῇ
386 2131 533 2228 ἁμαρτίᾳ
555 2134 727 2206 ἀπίθανον
748 2137 888 2227 ἐφάπαξ
905 2145 996 2204 arcte
1004 2135 1192 2228 jungantur
1205 2136 1285 2197 etv.
1299 2131 1330 2196 9.

219 2224 345 2316 poscit,
379 2223 437 2289 uhi
458 2246 558 2313 quum
578 2232 717 2291 mortem
741 2226 886 2313 amplius
908 2224 1083 2314 imperium
1104 2221 1140 2284 in
1160 2216 1330 2285 christun

220 2330 378 2376 exercere
394 2307 435 2378 P.
453 2311 645 2396 negaverit,
674 2312 829 2415 sequitur
849 2316 886 2375 ut
906 2310 1026 2376 mortis
1049 2305 1218 2374 aChristo
1232 2323 1330 2391 oppe-

218 2395 303 2462 titae
319 2394 454 2460 notione
469 2396 582 2462 verbis
593 2387 618 2482 ν(ὂ
639 2392 706 2544 ydq
723 2393 875 2464 απίθανε
897 2391 1146 2478 redintegrati,
1180 2409 1281 2477 quam
1296 2409 1332 2452 ea

218 2481 385 2547 rationem
399 2481 554 2547 hahuerit
566 2481 689 2548 vocabu
707 2481 737 2546 is
749 2483 791 2569 τῇ
805 2480 952 2568 ἁμαρτίᾳ
963 2477 1025 2548 ἀπ.
1039 2473 1178 2566 ἐφάπαξ
1191 2497 1209 2538 ἃ
1237 2473 1331 2553 “lah

219 2570 255 2632 ot
268 2566 448 2654 antithesis
466 2563 505 2654 ζῇ
516 2568 564 2652 τῷ
576 2568 650 2654 θεῷ
668 2565 800 2652 flagitat
812 2572 888 2634 etv.
904 2569 977 2649 11.,
999 2587 1064 2653 quo
1077 2584 1127 2630 vs.
1141 2560 1183 2626 de
1217 2559 1331 2624 hristo

218 2651 344 2716 dictum
374 2650 417 2716 ad
446 2652 597 2720 homines
625 2653 745 2720 christ.
768 2652 958 2719 traducitur
977 2655 1036 2738 (-·-
1051 2643 1188 2732 νεκροὺς
1207 2647 1270 2727 μὲν
1286 2644 1331 2730 τῇ

218 2728 408 2836 ἁμαρτίᾳ
416 2783 426 2813 ,
449 2736 572 2816 ζῶντας
584 2737 621 2802 δὲ
632 2739 680 2825 τῷ
697 2739 771 2826 θεῷ
784 2740 861 2824 -),
882 2739 1048 2828 postulat.
1091 2730 1193 2800 Patet
1206 2754 1250 2797 ex
1270 2729 1331 2809 his,

217 2842 337 2889 vanam
351 2843 427 2890 csse
440 2818 547 2888 Millii
560 2817 685 2906 κρίσιν,
720 2825 778 2910 qui
791 2821 886 2894 Prol.
902 2829 934 2910 §.
949 2823 1045 2890 1214.
1064 2821 1107 2906 ιζ’
1123 2811 1271 2904 ἁμαρτίᾳ
1290 2813 1333 2877 ab

218 2929 285 2972 uno
308 2907 479 3008 Aethiope
498 2907 659 2974 omissum
679 2906 902 2975 adulterinum
920 2907 1052 2998 judicat
1073 2845 1107 2970 id
1135 2924 1175 2966 ue
1198 2923 1282 2968 crs.
1296 2900 1330 2966 2.

114 3003 115 3008 ’
156 3019 161 3033 ‘
179 3005 187 3026 ’“
218 2991 403 3080 irrepsisse
418 2998 586 3081 opinatur.
615 2991 808 3075 ,Formulae
824 2987 1055 3078 ἀποθνήσκειν
1067 3013 1133 3055 τινι
1149 2992 1183 3052 et
1200 2985 1257 3073 ζῆν
1269 3007 1335 3048 τινι

219 3077 320 3144 alicui
339 3078 388 3143 uel
405 3077 528 3144 homiui
546 3078 597 3144 vel
610 3079 661 3145 rei
677 3079 759 3144 mort
782 3087 816 3146 et
827 3080 931 3169 cipere
945 3078 1076 3166 perlate
1093 3079 1223 3177 patent.
1278 3069 1333 3134 De

219 3163 265 3230 iis
288 3162 373 3226 enim
399 3171 621 3251 usurpantur,
659 3186 799 3250 quorum
815 3171 873 3230 aut
895 3185 985 3229 mors
999 3169 1138 3227 autvrta
1151 3175 1335 3245 ιμιοοιιαφιο

220 3248 314 3314 modo
333 3245 377 3312 ad
394 3247 542 3334 aliquam
556 3249 626 3326 sire
647 3248 909 3337 personam-sive
924 3271 993 3314 rem
1011 3247 1158 3313 refertur
1172 3242 1336 3327 debetque

220 3356 240 3399 e
256 3354 293 3398 ro
308 3336 366 3396 aut
379 3338 537 3398 contextu
550 3334 724 3417 cognosci,
749 3358 834 3422 quse
852 3335 899 3399 sit
914 3334 1032 3400 mortis
1051 3341 1109 3396 cut
1122 3329 1218 3406 ¹vitae
1234 3327 1337 3392 alicu·

217 3417 276 3508 jus
298 3439 371 3482 cum
391 3439 428 3483 re
449 3426 507 3483 aut
526 3420 668 3507 personat
687 3421 787 3488 ratio.
849 3419 971 3486 Eluoet
993 3419 1056 3484 hoc
1078 3414 1229 3484 cmultis
1242 3412 1337 3493 locis,

246 3523 310 3568 rrae
337 3499 529 3568 Wctsteuius
549 3504 603 3568 hic
625 3505 721 3570 etad
741 3507 799 3587 14,
813 3507 846 3574 7.
868 3506 994 3572 attulit.
1038 3503 1091 3584 Cf.
1106 3499 1224 3569 2001».
1239 3499 1274 3580 5,
1288 3495 1337 3565 15.

187 3655 191 3668 ,
221 3525 306 3656 hur.
320 3585 398 3656 lon.
414 3610 446 3654 r.
459 3590 535 3656 66⁰.
558 3589 673 3656 Ηονια.
695 3587 735 3656 ἔοι
756 3587 798 3659 δέ,
808 3587 839 3672 μ’
863 3584 954 3676 αὐτῷ
971 3590 1037 3676 ζῆν.
1060 3587 1222 3674 Alciphr.
1237 3607 1294 3672 ep.
1309 3585 1337 3662 1,

222 3674 343 3741 37.fin.‘
368 3711 406 3722 -
429 3669 536 3758 βραχύ
544 3672 729 3756 μοιμέλει·
753 3677 803 3740 δεῖ
816 3675 878 3761 γὰρ
893 3668 1028 3760 αὗτόνῆ
1042 3671 1118 3755 ἐμοὶ
1132 3673 1188 3758 ζήν
1211 3667 1235 3758 ἢ
1253 3673 1337 3734 τεθ-

223 3754 320 3826 νάναι
345 3755 505 3846 Θεσσιίλῃ.
556 3758 700 3828 Terent.
720 3759 806 3828 Eun.
821 3761 860 3842 3,
877 3761 910 3843 2,
929 3761 985 3827 27.
1034 3759 1153 3846 Atque
1173 3758 1261 3822 haec
1284 3753 1337 3841 qui

206 3905 208 3910 ,
223 3843 317 3910 misit
329 3864 395 3908 uon
410 3843 476 3908 sihi
489 3844 554 3908 soli
567 3847 717 3934 postulat
730 3853 764 3910 te
778 3847 888 3912 vivere
902 3879 961 3916 ——.
993 3843 1099 3911 Recte
1113 3849 1228 3909 autem
1242 3839 1287 3908 P.
1300 3841 1337 3904 il-

157 3943 159 3948 '
223 3932 268 3996 lis
292 3930 401 3994 minus
424 3927 572 3995 deiinitis
589 3931 843 4016 loquutionihus
864 3931 897 3996 h.
912 3933 936 3999 l.
957 3953 1039 3996 usus
1054 3936 1123 4011 est,
1157 3937 1231 3994 tum
1252 3925 1338 4014 quod

171 4083 173 4090 ,
224 4037 281 4082 eas
295 4013 435 4086 attentis
449 4019 483 4079 et
503 4015 562 4101 qui
577 4022 752 4102 utramque
769 4017 896 4083 Christi
912 4026 1036 4082 sortem
1050 4023 1189 4082 nossent
1203 4013 1338 4078 lectori·

70 4120 73 4128 ¹
97 4133 119 4164 .·
224 4101 288 4164 hus
302 4099 437 4164 minime
449 4100 621 4184 ambiguas
642 4102 714 4166 fore
732 4101 919 4186 intellexit,
946 4108 1016 4165 tum
1041 4106 1080 4166 ut
1099 4099 1266 4164 formulas
1283 4122 1339 4190 po-

224 4188 321 4250 neret
334 4182 517 4275 ejusmodi,
545 4208 630 4271 quae
645 4186 793 4278 inhujus
811 4183 996 4273 argumenti
1014 4186 1226 4251 conclusione
1240 4205 1274 4253 v.
1288 4188 1338 4253 ll.

225 4277 322 4338 acute
336 4278 371 4336 et
384 4270 534 4356 graviter
548 4272 615 4346 alio
634 4293 738 4337 sensu
757 4271 800 4338 ad
814 4273 964 4338 homines
978 4273 1097 4340 christ.
1112 4271 1341 4336 accommoda-

225 4361 355 4428 rentur.
411 4355 486 4426 lam
506 4355 547 4444 ,ιῇ
567 4353 717 4446 ’ἁμαρτίᾳ
737 4353 908 4430 ἀπίθανον
929 4355 1069 4446 ἐφάπαξ
1075 4407 1086 4441 ,
1113 4367 1214 4444 quum
1240 4356 1341 4425 Chri·
