2814 5048
144 315 148 323 ’
241 317 311 392 Μ
457 313 742 392 Erlsrohn
763 308 1138 389 ADROM‘ANOS

242 467 358 586 σ’,ιο
393 477 472 581 ea
486 478 526 564 s,
544 479 608 584 αα.Ὀ
629 479 794 566 mnsam
821 482 982 561 mensem,
1016 455 1350 630 perpetraturae

245 569 336 640 (iton
348 563 563 650 (kiehl-vel
577 585 609 631 er
622 569 737 654 pateat
757 585 893 631 necesse
914 570 985 644 est,
1013 585 1071 652 qur
1118 585 1182 631 om.
1196 564 1230 644 7,
1245 561 1301 629 23.
1320 561 1351 644 8,

245 651 301 722 13.
322 651 397 719 Col.
409 650 442 733 2,
457 651 511 719 ll.
532 651 566 733 3,
579 649 613 718 5.
627 655 780 716 accurate
794 647 1002 752 expenderit.
1051 649 1226 725 Differunt
1242 655 1351 713 tamen

116 746 123 824 Ἰ
243 733 283 803 ab
297 737 395 820 oripo
416 744 451 801 et
467 730 489 822 ἡ
505 733 591 822 σάρξ
606 737 643 802 in
661 735 704 802 iis
724 734 923 824 quaeritari
936 733 1033 803 locis.
1075 733 1165 801 Nam
1178 731 1266 800 illud
1280 727 1348 798 roc.

240 842 367 974 ilii
385 816 1349 997 ‘lidtitt?‘tinnit„dtttttt‘tjnltttt

302 979 307 990 .
345 953 356 975 ⁸
633 953 643 982 7
1092 954 1102 975 0
1342 953 1349 985 l

156 1013 159 1024 ’
243 999 283 1060 nt
295 997 433 1058 nostroe
447 1013 509 1058 nos
519 991 727 1058 infirmitatis
739 990 1002 1077 fragilitatisque
1014 991 1226 1058 uehementer
1237 988 1349 1054 admo-

165 1087 170 1103 '
242 1083 324 1154 neat
336 1078 396 1162 (ei.
410 1077 506 1146 hebr.
518 1079 621 1168 niba),
648 1077 722 1144 illie
743 1077 779 1144 in
792 1077 818 1146 l.'
832 1076 1059 1164 insipientiam
1071 1080 1085 1161 (
1089 1075 1159 1144 Cic.
1174 1074 1261 1144 Cato
1274 1075 1349 1168 maj.

233 1163 303 1246 22,
318 1163 375 1232 80.
395 1185 517 1252 corpus
539 1162 719 1250 insipiens)
742 1169 778 1229 ct
796 1163 1038 1252 proclivitatem
1066 1161 1110 1228 ad
1132 1161 1298 1240 libidines
1322 1169 1352 1230 ct

263 1269 343 1316 rava
356 1249 468 1314 studia
481 1245 704 1334 adsignificat.
754 1246 854 1317 Unde
868 1243 909 1316 Ρ.
925 1247 1078 1336 corporis
1091 1247 1296 1337 pronitatem
1313 1243 1353 1310 ad

238 1270 369 1420 hagitia
384 1333 504 1416 cona
521 1337 572 1402 ll.
594 1357 634 1401 co
657 1333 835 1416 indicavit,
862 1331 952 1422 quod
971 1330 1011 1400 sd
1033 1334 1131 1414 σῶμα
1146 1335 1208 1418 τῆς
1226 1326 1351 1414 σαρκός

241 1440 361 1521 corpus
385 1419 505 1508 quode
524 1419 739 1505 (libidinosi)
765 1441 863 1488 carne
889 1423 1017 1485 constet
1042 1412 1130 1485 illud
1154 1416 1351 1506 appellauit.

104 1497 113 1512 ’
127 1517 132 1528 ’
239 1503 349 1574 Alnus
362 1504 496 1588 generis
509 1508 564 1571 est
577 1506 651 1575 Col.
664 1508 695 1586 l,
703 1507 773 1575 22..
815 1501 872 1570 lbi
887 1503 974 1570 enim
991 1495 1012 1592 ἡ
1024 1499 1111 1589 σάρξ
1124 1525 1261 1570 curnem
1274 1503 1352 1566 sim-

112 1625 123 1645 .
238 1588 394 1682 pliciter,
417 1609 526 1677 neque
545 1599 583 1660 ut
601 1591 774 1657 libidinem
794 1589 936 1656 aliamve
951 1608 1021 1654 rem
1034 1587 1269 1672 adsignificet,
1297 1586 1353 1652 de-

84 2203 89 2220 .
162 2175 165 2185 ,
194 2138 196 2146 s
237 2099 287 2170 N.
303 2100 348 2170 T.
365 2097 452 2189 σάρξ
465 2111 499 2168 et
512 2100 605 2188 ψυχή
620 2102 781 2185 namra,
798 2105 830 2171 l.
843 2101 884 2169 de
898 2102 1030 2167 homine
1044 2123 1081 2167 co

189 1686 191 1692 ’
240 1675 458 1762 claratffiol.
469 1679 503 1757 ti,
518 1675 573 1746 13.
594 1674 838 1761 Col.·2,5.al.).
879 1671 934 1740 Ne
992 1671 1062 1740 ead
1075 1671 1172 1756 σῶμα
1188 1675 1352 1759 signoq-

239 1758 301 1838 κὸς
310 1763 372 1827 τοῦ
388 1761 542 1850 Χριστοῦ
560 1765 596 1851 (ο
617 1784 717 1828 carne
733 1695 1096 1849 compositunihhrieti
1114 1760 1258 1846 corpus)
1278 1780 1351 1823 cor·

232 1891 238 1898 -
264 1867 305 1912 us
325 1844 455 1914 Christi
471 1844 639 1914 hominum
658 1846 855 1936 corporibus
876 1868 901 1914 c·
916 1866 1014 1912 carne
1033 1845 1186 1912 conflatis
1211 1846 1351 1932 aequale

238 1867 434 2018 dbumanum
443 1928 574 1999 Christi
587 1935 724 2023 corpus)
737 1933 840 1999 valet.
881 1930 926 1996 Et
939 1928 1215 2018 quemadmodum
1230 1931 1353 2012 Graeci

232 2023 345 2083 totum
356 2016 521 2084 homiuem
539 2019 601 2085 τοῦ
618 2013 775 2100 σώματος
794 2017 954 2084 uocabulo
971 2014 1224 2166 nunou'plaruqt,
1254 2015 1312 2168 itii
1319 2017 1349 2117 in

1112 2123 1168 2167 oca
1184 2123 1245 2169 ur.
1314 2125 1349 2167 uc

236 2187 384 2338 pertinet
398 2190 417 2251 l
434 2185 622 2269 cor.‚1,26.
636 2191 740 2274 σοφοὶ
761 2185 845 2252 κατὰ
862 2181 969 2274 σάρκα
985 2187 1007 2254 i.
1023 2208 1054 2255 e.
1069 2182 1137 2252 κατ’
1153 2176 1349 2274 dorpaneo.

271 2271 355 2340 Cor.
375 2274 407 2353 1,
420 2271 473 2338 12.
495 2269 602 2358 σοφία
616 2267 758 2358 σαρκική
778 2271 920 2338 hermano
933 2269 1112 2360 sapientia.
1153 2270 1230 2341 Jac.
1246 2272 1284 2354 3,
1304 2275 1347 2339 15.

237 2355 346 2444 σοφία
360 2349 488 2444 ψυχική
501 2357 655 2424 animatis
670 2357 695 2425 i.
710 2379 740 2425 c.
755 2358 897 2422 humana
912 2379 941 2424 s.
958 2361 977 2422 l
993 2357 1071 2426 Cor.
1085 2358 1118 2439 2,
1133 2357 1188 2428 lt.
1203 2357 1348 2444 ψυχικὸς

237 2431 423 2527 ἅνθρωπος
440 2441 538 2508 bomo
558 2445 600 2547 qi]
618 2442 712 2530 ψυχῇ
732 2441 907 2532 praeditus
930 2441 955 2511 i.
969 2449 1231 2543 copruueputus
1245 2444 1348 2510 bomo.

59 2567 61 2574 ,
118 2545 126 2562 ‘
237 2523 432 2616 opponitur
449 2526 537 2592 enirn
560 2551 578 2594 o
597 2527 822 2609 πνευματικός
830 2529 949 2606 homo,
978 2528 1038 2614 qui
1052 2526 1118 2595 div.
1133 2529 1285 2617 spiritus
1300 2551 1349 2593 ro·

234 2611 348 2680 buret
364 2611 607 2679 firmamentum
628 2611 740 2681 babet.
796 2613 907 2698 Quum
929 2613 1035 2698 igitur
1047 2635 1178 2764 corpus.
1187 2615 1348 2702 peccandi

36 2720 39 2732 ·
152 2757 153 2764 ,
233 2697 409 2764 libidinem
422 2697 547 2780 irritet,
566 2719 658 2764 mens
673 2699 707 2763 in
719 2698 867 2765 officium
883 2699 1009 2764 intenta
1026 2699 1087 2782 sit,
1117 2700 1178 2764 'err
1193 2721 1262 2764 non
1277 2701 1352 2788 μοί

122 2830 126 2838 »
233 2789 288 2852 est
300 2783 381 2872 quin
395 2783 479 2850 miro
494 2782 733 2852 distrahamur.
789 2782 877 2850 Nam
892 2784 1048 2872 pietatem
1072 2805 1164 2850 mens
1181 2806 1349 2850 commen-

214 2867 311 2950 dat,
350 2867 393 2934 ed
421 2868 626 2958 impietatem
653 2889 716 2934 nos
744 2890 865 2958 corpus
889 2876 1005 2934 avocat
1024 2870 1123 2937 Rom.
1143 2871 1182 2952 7,
1201 2869 1262 2938 22.
1278 2871 1346 2939 23..

231 2953 462 3042 Quamquam,
496 2977 597 3043 quum
630 2975 723 3020 mens
743 2955 931 3020 arctissimo
951 2951 1176 3020 vinculocum
1207 2977 1350 3044 corpore

101 3062 103 3066 ·
230 3062 269 3109 oo
294 3041 385 3106 nata
400 3040 464 3120 sit,
491 3041 643 3127 corporis
662 3039 823 3106 admixtio
839 3049 980 3106 mentem
994 3045 1126 3128 qnoqde
1146 3041 1181 3106 in
1194 3037 1350 3108 fraudem

232 3062 363 3192 inducit
378 3124 469 3213 (Col.
481 3125 514 3208 2,
531 3127 585 3195 18.
601 3147 693 3190 mens
714 3133 853 3192 vocatur
872 3119 890 3194 ὁ
909 3127 985 3202 σοῖς
999 3129 1059 3226 τῆς
1075 3119 1198 3212 σαρκὸς
1209 3129 1275 3192 τοῦ
1288 3123 1350 3192 oir-

110 3231 114 3238 ’
231 3209 381 3294 deduco
396 3231 489 3277 mens
503 3233 625 3299 prorae
645 3211 789 3277 hominis
808 3211 901 3276 carni
920 3207 1113 3277 deservrcns
1128 3231 1236 3298 eoque
1251 3211 1351 3279 dete-

139 3379 140 3382 Ἴ
202 3376 204 3386 ¹
232 3295 381 3363 rioribus
402 3294 589 3378 inclinata).
637 3296 712 3364 lam
735 3318 800 3382 quo
819 3296 954 3369 facilius
973 3317 1094 3397 prauos
1115 3317 1201 3383 quoe
1221 3319 1350 3384 corpus

230 3387 343 3462 movet
357 3381 528 3469 appetitus
546 3381 667 3448 mentis
686 3380 935 3468 uoluntatisque
952 3403 986 3446 vr
999 3380 1228 3465 demeremus,
1244 3405 1349 3462 ,nunc

183 3541 189 3552 λ
206 3539 209 3546 ,
227 3465 329 3532 nobis
340 3465 442 3532 Deus
453 3465 582 3534 Christi
604 3467 763 3532 beneficio
783 3466 850 3535 div.
868 3466 1024 3555 spiritum
1045 3466 1248 3555 impertivit,
1288 3471 1348 3556 qui

229 3553 383 3642 corporis
396 3551 554 3617 libidines
566 3555 765 3640 reprimeret
779 3561 812 3618 et
827 3551 964 3618 virtutis
983 3549 1130 3618 studium
1147 3552 1351 3620 accenderet

231 3639 252 3704 1
268 3637 396 3719 Cor.6,
411 3639 463 3706 19.
486 3628 564 3706 Gal.
577 3639 610 3719 5,
625 3639 681 3704 22.
701 3637 774 3702 Tit.
787 3637 826 3717 3,
840 3635 893 3712 5.,
920 3636 1000 3701 olim
1019 3638 1118 3721 longe
1140 3640 1348 3724 perfectiore

230 3731 267 3790 ct
288 3722 379 3812 quod
393 3722 521 3790 Christi
540 3722 581 3789 a'd
598 3722 711 3788 Deum
733 3722 859 3809 recepti
879 3722 1012 3816 corpori
1032 3721 1252 3811 respondebit
1274 3747 1348 3791 cor·

229 3831 314 3900 pore
332 3829 393 3874 nos
407 3806 624 3874 circumdabit
646 3807 758 3875 lCor.
773 3809 826 3887 15,
837 3806 883 3872 45
897 3829 975 3895 sqq.
997 3805 1089 3874 Phil.
1102 3807 1135 3892 3,
1147 3809 1219 3878 21..
1270 3810 1345 3880 Jaru
1396 3871 1397 3894 ,

231 3904 384 3962 nostrum
403 3902 473 3976 est,
499 3891 567 3960 dir.
586 3892 729 3981 spiritus
747 3891 1134 3982 adjumento-relligiones
1155 3895 1212 3960 usi
1233 3895 1347 3962 lacere
1396 3899 1397 3916 ¹

136 3997 141 4008 '
230 3991 271 4046 nt
290 3979 442 4068 corporis
465 3978 635 4067 appetitus
654 3978 756 4042 monti
775 3977 983 4066 consilioque
1003 3977 1161 4058 obediant
1175 4002 1347 4070 quumque

229 4072 428 4155 perpetuum
439 4059 596 4150 interisio
612 4058 730 4150 σάρκα,
745 4083 829 4148 quae
844 4062 993 4150 improbd
1001 4071 1037 4130 et
1051 4065 1346 4152 pestilerablande

96 4199 100 4204 .
230 4151 389 4234 suadeat,
414 4155 451 4215 et
468 4145 508 4216 τὸ
524 4149 681 4230 Πνεῦμα,
708 4145 796 4234 quod
808 4147 946 4214 honesta
966 4149 1000 4214 'et
1016 4151 1177 4215 salutaria
1192 4153 1348 4234 graviter

188 4293 195 4312 ,
230 4234 398 4324 imperet,
416 4233 539 4300 bellum
556 4224 711 4334 geratur,
736 4233 940 4323 spiritums.
954 4233 1069 4333 duc-em
1084 4235 1300 4323 esquillam.
1313 4240 1349 4324 8,

231 4320 376 4391 4.-·ld.
405 4321 482 4390 Gal:
499 4319 530 4415 5,
549 4322 601 4388 16.
616 4323 704 4406 sqq:
761 4315 861 4406 onoc
882 4320 940 4406 qui
956 4321 1083 4404 iaciunt
1102 4321 1189 4388 card
1210 4324 1347 4408 πνεῦμα
