2720 5040
203 277 210 286 ‚
284 253 557 376 '7cAP.111.
581 303 652 373 Vs.
676 262 839 374 unias.
983 300 1021 330 ²
1069 260 1135 376 lbl
1255 255 1277 278 ³·

49 453 163 544 surdum
178 471 242 550 est,
263 471 297 570 et
310 466 389 556 quia
399 489 431 536 v.
447 463 531 552 κατὰ
542 457 638 551 detto.
653 441 888 553 ityauoeibus
900 465 946 554 μή
966 462 1096 554 γένοιτο
1111 471 1140 534 s'
1229 475 1230 478 ’
1250 544 1252 554 y
1273 513 1279 524 .

48 553 222 630 maudiut·
236 573 310 630 πως
328 576 388 636 -3
420 557 576 641 separata
590 554 786 635 *sentinam
806 551 855 616 siu
876 550 938 617 boe
957 571 990 620 v.
1012 550 1129 620 ordine
1171 579 1237 639 μ-
1296 609 1302 630 ,

47 636 1129 814 tibitibi{otttttatltttt‘ttulf‘tttt
1188 685 1198 761 ’-

47 815 78 882 P.
86 809 396 896 'argumentationem
408 828 440 876 v.
456 804 487 874 5.
502 804 676 889 redarguit
690 826 724 873 v.
738 809 770 873 o.
786 843 829 858 -
841 807 892 888 8.,
905 864 908 875 .
923 813 991 872 tam
1013 809 1128 874 tirmae

47 902 124 978 sunt,
143 893 391 975 utnon'iuerit3
415 889 627 980 quodearum
641 892 800 958 veniama
820 892 1004 961 lectoribus
1025 893 1130 983 impe-
1178 913 1180 928 ·

45 983 174 1050 traturus
193 978 330 1044 bumani
350 977 476 1063 ingenii
496 975 689 1044 tarditatem
706 982 946 1046 antestaretur.
993 975 1067 1052 Into,
1088 976 1130 1048 P.

45 1066 137 1134 verbis
156 1063 238 1146 sorde
258 1056 441 1150 dietpertus
455 1058 544 1148 ’λέγω
567 1081 679 1128 voeem
700 1058 836 1144 duram,
870 1060 1039 1128 redicam
1067 1063 1130 1128 im-

43 1155 131 1243 piam,
153 1143 420 1236 mundoquidem'
437 1148 534 1214 homo
556 1147 634 1236 pius
649 1147 759 1213 Deum
772 1145 934 1233 injenium
945 1145 1059 1236 fucere
1076 1151 1140 1221 vel,

42 1243 167 1328 rogitare
179 1241 382 1327 flagitiosum
394 1237 506 1323 duait,
529 1235 793 1317 dissertores
813 1248 951 1308 excusat
971 1242 1005 1311 b.
1026 1264 1076 1311 r.:
1092 1281 1130 1294 -

43 1358 104 1401 num
124 1331 313 1420 injustus
335 1337 391 1416 est
400 1331 497 1400 Deus
512 1354 636 1424 poenas
652 1327 832 1418 infligansi
859 1334 1018 1420 (bominis
1038 1357 1132 1402 more

42 1419 115 1501 dieo,
135 1419 190 1506 qui
204 1419 367 1484 nonsatis
381 1439 513 1507 semper
524 1419 636 1486 verbis
650 1415 829 1510 diligenter
841 1421 991 1486 excussis
1005 1429 1134 1504 mveut,

42 1527 73 1570 ne
84 1502 231 1578 indecora
250 1504 287 1570 in
301 1503 419 1569 Deum·
435 1505 681 1571 transferantur
702 1504 726 1571 i.
749 1525 779 1571 e.
800 1505 847 1571 sit
867 1505 963 1571 venia
986 1506 1060 1571 roei
1080 1507 1131 1571 io-
1196 1547 1199 1554 »

39 1589 110 1676 justi
124 1588 163 1655 de
176 1587 253 1656 Deo
265 1583 408 1682 positae,
430 1611 528 1691 quam
544 1589 625 1654 mihi
642 1586 768 1658 indulsi
780 1611 871 1655 more
884 1590 1044 1676 hominis,
1073 1591 1133 1678 qui
1159 1630 1168 1636 -

40 1697 139 1826 parum
152 1673 252 1760 digne
265 1669 374 1761 neque
388 1682 473 1762 satis
489 1673 659 1740 subtiliter
673 1672 714 1739 de
730 1673 806 1740 Deo
819 1676 945 1764 passim
966 1674 1131 1764 loquitur.

69 1762 117 1828 ,6.
146 1759 216 1850 Ap'.¹
232 1761 367 1848 impiam
381 1782 412 1836 u.
427 1760 461 1829 5.
477 1760 802 1846 argumentationem
824 1759 1011 1827 detestatus
1030 1783 1062 1830 v.
1085 1758 1132 1848 μὴ
1198 1838 1202 1854 ‚
1258 1831 1263 1848 ,

40 1845 167 1931 γένοιτο,
194 1846 318 1910 falsam
334 1867 406 1912 eam
426 1866 505 1911 esse
525 1844 639 1926 doeet,
668 1843 813 1911 sednon
834 1847 973 1928 directe,
998 1852 1037 1911 ut
1058 1868 1132 1912 eum

39 1929 233 2019 pbilosophis
246 1932 387 2017 loquar,
406 1929 440 1998 b.
455 1933 548 1998 e.'ita
562 1936 601 1995 ut
613 1940 807 2015 argumenta
826 1953 910 2019 quae
925 1953 995 1996 eam
1016 1952 1133 1998 errore

39 2015 90 2079 niti
101 2013 276 2081 ostendant
289 2015 426 2099 afferat,
449 2015 508 2082 sed
520 2016 678 2082 indirecte
693 2037 722 2082 s.
738 2017 910 2102 upapopiee
925 2017 949 2085 i.
973 2037 1004 2084 e.
1025 2017 1074 2082 sie
1094 2024 1132 2082 ut

41 2100 64 2164 sl
73 2121 142 2166 vera
156 2101 202 2165 sit
214 2101 294 2170 tolli
307 2124 375 2166 rem
391 2101 609 2166 certissimam
624 2098 846 2180 demonstrem
869 2123 969 2188 wem
982 2103 1059 2203 quia
1074 2100 1133 2166 ad-

40 2181 173 2250 dubitare
186 2189 283 2252 nefas
301 2189 347 2266 sit
358 2185 451 2254 illam
466 2207 578 2252 veram
592 2207 656 2250 nou
673 2207 748 2250 esse
762 2184 918 2270 intelligi.
963 2185 1002 2252 Sr
1017 2185 1057 2254 P.
1079 2207 1133 2252 ar-

40 2272 300 2354 gumentationem
321 2292 354 2341 v.
374 2270 406 2339 d.
426 2271 546 2346 directe
567 2270 765 2358 impugnare
785 2270 965 2356 voluisset,
994 2272 1042 2338 ita
1064 2270 1133 2337 dis-

41 2360 139 2505 pptare
167 2358 354 2444 potuisset:
388 2356 473 2420 baeu
490 2355 723 2422 ratiocinatio:
750 2355 780 2420 si
801 2355 966 2420 bominum
983 2357 1135 2442 prauitas

69 2442 94 2505 ei
106 2444 314 2508 surditatem
327 2441 455 2528 probat,
476 2439 638 2526 injurium
649 2433 737 2539 fucit
750 2439 843 2506 Deus
853 2448 1043 2524 percuteres
1082 2461 1162 2524 oe-¹
1225 2441 1232 2450 '
1288 2427 1293 2436 ’

41 2525 80 2589 oio
88 2546 295 2612 persequens,
317 2526 468 2613 posonium
482 2526 525 2590 iis
538 2524 626 2589 obest
639 2545 693 2608 qus
706 2525 771 2608 ipsi
781 2524 910 2610 prosint
923 2547 962 2589 ee
982 2525 1041 2590 iun
1066 2525 1134 2591 itus

43 2609 200 2694 evertitur3
227 2609 426 2698 quodDeus
441 2613 659 2690 annotasset,
682 2609 740 2694 qui
757 2608 876 2696 punire
893 2611 1019 2692 malos,
1060 2633 1136 2676 rae·

14 2769 19 2783 „
42 2695 103 2759 miis
114 2695 249 2762 affieere
264 2697 356 2762 viros
369 2695 472 2760 bonos
485 2715 581 2760 suum
596 2705 672 2758 e'sse
684 2692 886 2776 arbitretur,
906 2717 971 2760 oon
984 2633 1136 2762 ambitio-

43 2782 301 2866 multimeter,
330 2781 388 2868 qui
403 2778 491 2868 quod
512 2779 605 2843 nefas
627 2777 674 2841 sit
693 2777 793 2844 bea-re
815 2801 871 2844 eos
894 2779 951 2866 qui
973 2779 1039 2846 sibi
1057 2802 1135 2870 pro-

42 2863 96 2927 sint
105 2857 238 2932 laedere
256 2867 313 2932 eos
329 2865 388 2953 qui
405 2866 477 2930 suis
493 2861 671 2929 commodis
693 2863 840 2928 officiant
858 2865 910 2928 las
933 2887 1011 2945 esse
1029 2871 1137 2955 putet.
1194 2913 1197 2920 -

43 2945 92 3012 list
107 2957 216 3016 autom
238 2951 456 3041 apagogieum
474 2949 547 3037 Ap.
570 2953 798 3032 argumentum
818 2945 1025 3040 hujusmodi:
1052 2952 1136 3016 alio-

43 3032 106 3117 quin
118 3037 208 3122 (soil.
226 3037 261 3108 si
270 3036 425 3102 Deusob
437 3053 571 3100 carosam
582 3054 614 3100 v.
628 3029 661 3101 5.
681 3033 884 3099 enuntiatam
906 3034 1064 3126 injuriam
1085 3036 1136 3102 fa-

43 3117 349 3187 eiatdehominibus
363 3117 562 3203 facinorosis
603 3139 704 3182 oenas
725 3118 878 3206 sapiens)
897 3119 1061 3207 qrromodo
1076 3119 1139 3206 ju*

41 3202 94 3267 dea:
106 3208 166 3272 erit
179 3209 254 3295 (up.
269 3206 484 3295 praeeipuam
524 3140 628 3269 onelios
642 3203 676 3268 iu
688 3225 720 3271 v.
738 3206 843 3290 κρινεῖ
856 3205 957 3270 situm
972 3202 1047 3272 ess'e
1065 3226 1085 3286 e
1105 3227 1137 3272 r.

42 3287 140 3355 ordine
159 3313 198 3357 eo
224 3293 391 3374 noscitur)
409 3312 486 3358 mun
513 3281 581 3375 ⁰(i.'
599 3308 630 3356 e.
651 3285 861 3374 hominum?
876 3292 912 3358 i.
936 3312 969 3378 q.
989 3291 1138 3378 alioquin

38 3369 181 3461 juditium
199 3315 241 3441 de
257 3375 447 3442 hominibus
462 3395 617 3441 exeruere
629 3372 726 3438 Deus
743 3393 809 3439 non
829 3376 966 3462 poterit.
1008 3375 1139 3464 Nempe
1202 3446 1205 3450 ,

42 3455 264 3528 ideirooDeus
285 3461 437 3529 homiues
450 3458 578 3552 judicio
600 3457 792 3540 submittet,
819 3465 858 3523 ut
878 3460 1060 3550 puniantur
1077 3462 1138 3526 im-
1182 3513 1184 3522 ,

41 3543 141 3628 probi,
159 3547 322 3634 praemiis
336 3553 498 3612 ornentur
517 3543 616 3634 probi
639 3543 682 3618 of,
696 3543 767 3626 2,o.
792 3565 858 3630 sq..
902 3543 976 3613 Jam
1000 3546 1032 3612 si
1051 3545 1160 3636 injus
1204 3549 1208 3570 ¹
1235 3601 1238 3608 ,

40 3628 110 3695 riam
128 3632 235 3698 faeiat
247 3631 346 3708 Deus
363 3653 483 3721 pravos
505 3628 655 3694 homines
677 3627 835 3718 puniens,
866 3632 943 3717 quia
966 3627 1039 3696 e'us
1062 3653 1141 3695 san-

40 3714 175 3782 ctitatem
199 3717 236 3781 in
255 3718 401 3784 clariore
421 3716 494 3780 luce
514 3713 689 3803 posuerint
731 3712 889 3798 eeeando,
910 3737 962 3782 nu
993 3738 1046 3782 um
1065 3735 1141 3781 esse

38 3801 151 3945 poterit
162 3801 234 3867 Dei
246 3800 287 3867 de
301 3801 488 3868 bominibus
495 3797 669 3890 judicium.
732 3800 798 3864 'am
819 3798 882 3864 boe
902 3811 999 3903 paeto
1016 3801 1141 3889 impro-

58 3879 306 3970 isbomiuibus,
330 3909 430 3974 quum
445 3907 526 3951 suae
536 3882 708 3975 majestati
723 3886 969 3969 consuluerint,
993 3885 1141 3974 praemia
1163 3893 1168 3947 J
1195 3917 1218 3946 κ
1268 3917 1269 3920 “
1322 3957 1325 3964 ,

38 3971 241 4114 persolvere,
259 3971 375 4061 probis
389 3971 490 4054 viris,
513 3991 613 4056 quum
631 3989 711 4034 suae
727 3970 834 4035 famae
848 3970 932 4037 bene
945 3969 1072 4054 agendo
1091 3973 1141 4036 of-

50 4055 187 4138 eeerint‚
214 4058 520 4145 poeuasiruponere
535 4052 672 4135 debeat,
727 4076 793 4121 rum
805 4054 926 4147 judieii
947 4056 1013 4125 div.
1038 4056 1141 4121 ratioss

39 4158 90 4202 nes
109 4143 316 4208 eontrarium
334 4162 472 4232 posuere
491 4145 633 4208 constet.
704 4146 804 4240 taque
826 4140 952 4206 absona
970 4149 1023 4208 est
1044 4155 1148 4228 argu-'

39 4227 188 4292 mentatio
203 4247 236 4295 v.
250 4226 302 4310 5,,
326 4227 482 4315 quoniam
497 4246 538 4296 ex
555 4224 594 4289 ea
615 4244 805 4300 necessario
825 4225 980 4312 sequitur
998 4226 1143 4292 absurda
1231 4252 1248 4278 ν
1286 4274 1290 4282 x

40 4311 218 4394 sententia,
237 4313 310 4379 iore
322 4311 502 4391 utgnullum
517 4307 674 4376 Deuade
696 4306 885 4375 bominibus
901 4309 1064 4402 judicium
1084 4313 1147 4380 ba·

70 4394 215 4452 Fritzsebe
228 4397 277 4471 Ep.
291 4399 334 4454 ad.
348 4397 431 4453 Rom.
552 4477 554 4486 y
778 4393 809 4460 L
1056 4432 1058 4435 ·
