<?xml version="1.0" encoding="UTF-8"?>
<!DOCTYPE html PUBLIC "-//W3C//DTD XHTML 1.0 Transitional//EN"
    "http://www.w3.org/TR/xhtml1/DTD/xhtml1-transitional.dtd">
<html xmlns="http://www.w3.org/1999/xhtml" xml:lang="en" lang="en">
 <head>
  <title>
</title>
<meta http-equiv="Content-Type" content="text/html;charset=utf-8" />
  <meta name='ocr-system' content='tesseract 3.04.00' />
  <meta name='ocr-capabilities' content='ocr_page ocr_carea ocr_par ocr_line ocrx_word'/>
</head>
<body>
  <div class='ocr_page' id='page_1' title='image "./pauliadromanose02fritgoog_0118.png"; bbox 0 0 2790 5046; ppageno 0'>
   <div class='ocr_carea' id='block_1_1' title="bbox 375 289 1133 422">
    <p class='ocr_par' dir='ltr' id='par_1_1' title="bbox 375 289 1133 462">
     <span class='ocr_line' id='line_1_1' title="bbox 375 289 1133 422; baseline 0 -4"><span class='ocrx_word' id='word_1_1' title='bbox 375 299 512 419; x_wconf 55' lang='lat' dir='ltr'>&#39;can</span> <span class='ocrx_word' id='word_1_2' title='bbox 534 327 567 420; x_wconf 73' lang='lat'>1:</span> <span class='ocrx_word' id='word_1_3' title='bbox 596 319 668 420; x_wconf 61' lang='lat' dir='ltr'>ta.</span> <span class='ocrx_word' id='word_1_4' title='bbox 689 289 761 422; x_wconf 81' lang='lat' dir='ltr'>ei..</span> <span class='ocrx_word' id='word_1_5' title='bbox 1089 345 1133 418; x_wconf 83' lang='lat' dir='ltr'>os</span> 
     </span>
    </p>
   </div>
   <div class='ocr_carea' id='block_1_2' title="bbox 22 489 1257 2814">
    <p class='ocr_par' dir='ltr' id='par_1_2' title="bbox 38 489 1242 1282">
     <span class='ocr_line' id='line_1_2' title="bbox 49 489 1242 610; baseline -0.003 -30"><span class='ocrx_word' id='word_1_6' title='bbox 49 516 153 610; x_wconf 86' lang='lat' dir='ltr'>jestete</span> <span class='ocrx_word' id='word_1_7' title='bbox 164 509 370 599; x_wconf 86' lang='lat' dir='ltr'>eonspieuum</span> <span class='ocrx_word' id='word_1_8' title='bbox 384 511 500 590; x_wconf 84' lang='lat' dir='ltr'>mundi</span> <span class='ocrx_word' id='word_1_9' title='bbox 514 489 717 578; x_wconf 77' lang='lat' dir='ltr'>conditorem</span> <span class='ocrx_word' id='word_1_10' title='bbox 732 517 767 578; x_wconf 88' lang='lat' dir='ltr'>et</span> <span class='ocrx_word' id='word_1_11' title='bbox 780 505 960 594; x_wconf 75' lang='lat' dir='ltr'>rectorem,</span> <span class='ocrx_word' id='word_1_12' title='bbox 981 519 1041 582; x_wconf 82' lang='lat' dir='ltr'>aut</span> <span class='ocrx_word' id='word_1_13' title='bbox 1054 531 1132 598; x_wconf 82' lang='lat' dir='ltr'>gra·</span> <span class='ocrx_word' id='word_1_14' title='bbox 1241 573 1242 583; x_wconf 70' lang='grc'>,</span> 
     </span>
     <span class='ocr_line' id='line_1_3' title="bbox 52 594 1131 686; baseline -0.004 -18"><span class='ocrx_word' id='word_1_15' title='bbox 52 614 94 668; x_wconf 85' lang='lat' dir='ltr'>tos</span> <span class='ocrx_word' id='word_1_16' title='bbox 103 619 135 664; x_wconf 87' lang='lat' dir='ltr'>se</span> <span class='ocrx_word' id='word_1_17' title='bbox 147 598 176 662; x_wconf 88' lang='lat' dir='ltr'>ei</span> <span class='ocrx_word' id='word_1_18' title='bbox 185 594 407 684; x_wconf 84' lang='lat' dir='ltr'>praebuerunt</span> <span class='ocrx_word' id='word_1_19' title='bbox 424 606 463 663; x_wconf 94' lang='lat' dir='ltr'>ut</span> <span class='ocrx_word' id='word_1_20' title='bbox 479 597 627 686; x_wconf 81' lang='lat' dir='ltr'>ponenti,</span> <span class='ocrx_word' id='word_1_21' title='bbox 656 619 677 662; x_wconf 82' lang='lat' dir='ltr'>a</span> <span class='ocrx_word' id='word_1_22' title='bbox 694 611 761 684; x_wconf 89' lang='lat' dir='ltr'>quo</span> <span class='ocrx_word' id='word_1_23' title='bbox 782 596 920 662; x_wconf 88' lang='lat' dir='ltr'>summis</span> <span class='ocrx_word' id='word_1_24' title='bbox 940 601 1057 676; x_wconf 50' lang='lat' dir='ltr'>essent,</span> <span class='ocrx_word' id='word_1_25' title='bbox 1072 595 1131 664; x_wconf 83' lang='lat' dir='ltr'>lre·</span> 
     </span>
     <span class='ocr_line' id='line_1_4' title="bbox 52 679 1132 767; baseline -0.004 -15"><span class='ocrx_word' id='word_1_26' title='bbox 52 683 157 752; x_wconf 87' lang='lat' dir='ltr'>nelieiis</span> <span class='ocrx_word' id='word_1_27' title='bbox 171 682 293 765; x_wconf 83' lang='lat' dir='ltr'>ornati,</span> <span class='ocrx_word' id='word_1_28' title='bbox 310 682 562 750; x_wconf 83' lang='lat' dir='ltr'>liberalissimo.</span> <span class='ocrx_word' id='word_1_29' title='bbox 608 679 720 767; x_wconf 82' lang='lat' dir='ltr'>Quum</span> <span class='ocrx_word' id='word_1_30' title='bbox 732 680 838 766; x_wconf 87' lang='lat' dir='ltr'>igitur</span> <span class='ocrx_word' id='word_1_31' title='bbox 849 681 992 767; x_wconf 82' lang='lat' dir='ltr'>gentiles</span> <span class='ocrx_word' id='word_1_32' title='bbox 1007 679 1049 747; x_wconf 87' lang='lat' dir='ltr'>de</span> <span class='ocrx_word' id='word_1_33' title='bbox 1070 701 1132 748; x_wconf 88' lang='lat' dir='ltr'>nu·</span> 
     </span>
     <span class='ocr_line' id='line_1_5' title="bbox 38 765 1133 856; baseline -0.003 -20"><span class='ocrx_word' id='word_1_34' title='bbox 38 770 120 836; x_wconf 63' lang='lat' dir='ltr'>‘nine</span> <span class='ocrx_word' id='word_1_35' title='bbox 137 765 199 836; x_wconf 81' lang='lat' dir='ltr'>dir.</span> <span class='ocrx_word' id='word_1_36' title='bbox 220 767 360 850; x_wconf 86' lang='lat' dir='ltr'>seirent,</span> <span class='ocrx_word' id='word_1_37' title='bbox 396 766 457 833; x_wconf 88' lang='lat' dir='ltr'>sed</span> <span class='ocrx_word' id='word_1_38' title='bbox 482 767 619 834; x_wconf 86' lang='lat' dir='ltr'>absonis</span> <span class='ocrx_word' id='word_1_39' title='bbox 642 765 682 832; x_wconf 90' lang='lat' dir='ltr'>de</span> <span class='ocrx_word' id='word_1_40' title='bbox 704 787 744 832; x_wconf 92' lang='lat' dir='ltr'>eo</span> <span class='ocrx_word' id='word_1_41' title='bbox 765 767 976 856; x_wconf 81' lang='lat' dir='ltr'>opinionibus</span> <span class='ocrx_word' id='word_1_42' title='bbox 998 789 1035 832; x_wconf 91' lang='lat' dir='ltr'>se</span> <span class='ocrx_word' id='word_1_43' title='bbox 1056 765 1133 834; x_wconf 85' lang='lat' dir='ltr'>duei</span> 
     </span>
     <span class='ocr_line' id='line_1_6' title="bbox 51 849 1132 944; baseline 0 -26"><span class='ocrx_word' id='word_1_44' title='bbox 51 853 196 944; x_wconf 69' lang='lat' dir='ltr'>passinus</span> <span class='ocrx_word' id='word_1_45' title='bbox 210 851 348 918; x_wconf 80' lang='lat' dir='ltr'>reeteid</span> <span class='ocrx_word' id='word_1_46' title='bbox 362 854 532 936; x_wconf 70' lang='lat' dir='ltr'>colerent,</span> <span class='ocrx_word' id='word_1_47' title='bbox 555 855 671 940; x_wconf 88' lang='lat' dir='ltr'>utique</span> <span class='ocrx_word' id='word_1_48' title='bbox 696 850 785 940; x_wconf 89' lang='lat' dir='ltr'>qued</span> <span class='ocrx_word' id='word_1_49' title='bbox 806 853 841 918; x_wconf 93' lang='lat' dir='ltr'>in</span> <span class='ocrx_word' id='word_1_50' title='bbox 860 853 962 919; x_wconf 83' lang='lat' dir='ltr'>rebus</span> <span class='ocrx_word' id='word_1_51' title='bbox 984 849 1051 921; x_wconf 81' lang='lat' dir='ltr'>dir.</span> <span class='ocrx_word' id='word_1_52' title='bbox 1075 873 1132 918; x_wconf 83' lang='lat' dir='ltr'>ve-</span> 
     </span>
     <span class='ocr_line' id='line_1_7' title="bbox 50 935 1133 1026; baseline -0.004 -20"><span class='ocrx_word' id='word_1_53' title='bbox 50 961 106 1006; x_wconf 86' lang='lat' dir='ltr'>nun</span> <span class='ocrx_word' id='word_1_54' title='bbox 117 943 165 1004; x_wconf 88' lang='lat' dir='ltr'>est</span> <span class='ocrx_word' id='word_1_55' title='bbox 175 935 319 1022; x_wconf 79' lang='lat' dir='ltr'>improbe</span> <span class='ocrx_word' id='word_1_56' title='bbox 329 937 423 1026; x_wconf 78' lang='lat' dir='ltr'>forto</span> <span class='ocrx_word' id='word_1_57' title='bbox 436 940 477 1025; x_wconf 90' lang='lat' dir='ltr'>(i.</span> <span class='ocrx_word' id='word_1_58' title='bbox 494 961 524 1006; x_wconf 92' lang='lat' dir='ltr'>e.</span> <span class='ocrx_word' id='word_1_59' title='bbox 540 940 682 1005; x_wconf 86' lang='lat' dir='ltr'>rationis</span> <span class='ocrx_word' id='word_1_60' title='bbox 697 942 756 1003; x_wconf 90' lang='lat' dir='ltr'>aut</span> <span class='ocrx_word' id='word_1_61' title='bbox 770 937 888 1022; x_wconf 84' lang='lat' dir='ltr'>ebuso,</span> <span class='ocrx_word' id='word_1_62' title='bbox 913 945 971 1004; x_wconf 91' lang='lat' dir='ltr'>aut</span> <span class='ocrx_word' id='word_1_63' title='bbox 987 960 1051 1004; x_wconf 89' lang='lat' dir='ltr'>usu</span> <span class='ocrx_word' id='word_1_64' title='bbox 1066 958 1133 1004; x_wconf 88' lang='lat' dir='ltr'>non</span> 
     </span>
     <span class='ocr_line' id='line_1_8' title="bbox 49 1015 1132 1129; baseline -0.003 -40"><span class='ocrx_word' id='word_1_65' title='bbox 49 1023 158 1106; x_wconf 85' lang='lat' dir='ltr'>idoneo)</span> <span class='ocrx_word' id='word_1_66' title='bbox 171 1021 412 1129; x_wconf 83' lang='lat' dir='ltr'>impediverunt</span> <span class='ocrx_word' id='word_1_67' title='bbox 426 1025 485 1111; x_wconf 82' lang='lat' dir='ltr'>(el.</span> <span class='ocrx_word' id='word_1_68' title='bbox 499 1046 531 1092; x_wconf 83' lang='grc' dir='ltr'>ν.</span> <span class='ocrx_word' id='word_1_69' title='bbox 542 1024 626 1108; x_wconf 86' lang='grc'><strong>18.).</strong></span> <span class='ocrx_word' id='word_1_70' title='bbox 665 1016 927 1111; x_wconf 66' lang='grc' dir='ltr'><strong><em>ηὐχαρίστησαν]</em></strong></span> <span class='ocrx_word' id='word_1_71' title='bbox 947 1015 1132 1106; x_wconf 69' lang='grc' dir='ltr'><strong><em>στίλαῦτηῦ.</em></strong></span> 
     </span>
     <span class='ocr_line' id='line_1_9' title="bbox 49 1104 1225 1198; baseline -0.003 -20"><span class='ocrx_word' id='word_1_72' title='bbox 49 1109 183 1184; x_wconf 79' lang='lat' dir='ltr'>Formam</span> <span class='ocrx_word' id='word_1_73' title='bbox 195 1104 441 1195; x_wconf 87' lang='grc' dir='ltr'><strong><em>ηοχαρίστησαν</em></strong></span> <span class='ocrx_word' id='word_1_74' title='bbox 463 1109 663 1198; x_wconf 89' lang='lat' dir='ltr'>optimorum</span> <span class='ocrx_word' id='word_1_75' title='bbox 685 1105 769 1176; x_wconf 80' lang='lat' dir='ltr'>cdd.</span> <span class='ocrx_word' id='word_1_76' title='bbox 793 1109 846 1194; x_wconf 86' lang='lat' dir='ltr'>(ut</span> <span class='ocrx_word' id='word_1_77' title='bbox 866 1109 915 1176; x_wconf 82' lang='lat' dir='ltr'>A.</span> <span class='ocrx_word' id='word_1_78' title='bbox 939 1107 978 1177; x_wconf 84' lang='lat' dir='ltr'>G.</span> <span class='ocrx_word' id='word_1_79' title='bbox 1001 1107 1052 1176; x_wconf 86' lang='lat' dir='ltr'>D.·</span> <span class='ocrx_word' id='word_1_80' title='bbox 1073 1105 1133 1192; x_wconf 87' lang='grc' dir='ltr'>Ε.)</span> <span class='ocrx_word' id='word_1_81' title='bbox 1224 1142 1225 1150; x_wconf 45' lang='lat'>1</span> 
     </span>
     <span class='ocr_line' id='line_1_10' title="bbox 50 1191 1141 1282; baseline 0.001 -21"><span class='ocrx_word' id='word_1_82' title='bbox 50 1195 219 1262; x_wconf 74' lang='lat' dir='ltr'>anctoritate</span> <span class='ocrx_word' id='word_1_83' title='bbox 234 1199 324 1260; x_wconf 89' lang='lat' dir='ltr'>reete</span> <span class='ocrx_word' id='word_1_84' title='bbox 339 1201 562 1282; x_wconf 85' lang='lat' dir='ltr'>reposuerunt</span> <span class='ocrx_word' id='word_1_85' title='bbox 576 1193 725 1276; x_wconf 71' lang='lat' dir='ltr'>emam,</span> <span class='ocrx_word' id='word_1_86' title='bbox 749 1191 905 1278; x_wconf 60' lang='lat' dir='ltr'>Krmpp„</span> <span class='ocrx_word' id='word_1_87' title='bbox 929 1192 1068 1260; x_wconf 82' lang='lat' dir='ltr'>Laetm.</span> <span class='ocrx_word' id='word_1_88' title='bbox 1084 1193 1141 1262; x_wconf 86' lang='lat' dir='ltr'>el..</span> 
     </span>
    </p>

    <p class='ocr_par' dir='ltr' id='par_1_3' title="bbox 22 1271 1257 2814">
     <span class='ocr_line' id='line_1_11' title="bbox 48 1271 1188 1380; baseline 0.003 -36"><span class='ocrx_word' id='word_1_89' title='bbox 48 1301 94 1371; x_wconf 90' lang='lat' dir='ltr'>pro</span> <span class='ocrx_word' id='word_1_90' title='bbox 108 1271 352 1364; x_wconf 74' lang='grc' dir='ltr'><strong><em>εὐχαρίστησαν</em></strong></span> <span class='ocrx_word' id='word_1_91' title='bbox 358 1325 368 1356; x_wconf 85' lang='grc'>,</span> <span class='ocrx_word' id='word_1_92' title='bbox 391 1279 479 1380; x_wconf 86' lang='lat' dir='ltr'>quod</span> <span class='ocrx_word' id='word_1_93' title='bbox 494 1287 548 1346; x_wconf 86' lang='lat' dir='ltr'>est</span> <span class='ocrx_word' id='word_1_94' title='bbox 562 1281 706 1346; x_wconf 71' lang='grc' dir='ltr'><strong><em>δαίονται</em></strong></span> <span class='ocrx_word' id='word_1_95' title='bbox 720 1283 867 1367; x_wconf 84' lang='lat' dir='ltr'>recepto.</span> <span class='ocrx_word' id='word_1_96' title='bbox 911 1275 1074 1344; x_wconf 87' lang='lat' dir='ltr'>Potuerat</span> <span class='ocrx_word' id='word_1_97' title='bbox 1089 1273 1132 1347; x_wconf 85' lang='lat' dir='ltr'>P.</span> <span class='ocrx_word' id='word_1_98' title='bbox 1185 1324 1188 1332; x_wconf 88' lang='lat'>·</span> 
     </span>
     <span class='ocr_line' id='line_1_12' title="bbox 49 1363 1133 1454; baseline -0.003 -23"><span class='ocrx_word' id='word_1_99' title='bbox 49 1370 196 1454; x_wconf 79' lang='lat' dir='ltr'><strong>postquam</strong></span> <span class='ocrx_word' id='word_1_100' title='bbox 224 1364 369 1448; x_wconf 76' lang='lat' dir='ltr'>gentiles</span> <span class='ocrx_word' id='word_1_101' title='bbox 391 1372 520 1454; x_wconf 79' lang='lat' dir='ltr'>Justum</span> <span class='ocrx_word' id='word_1_102' title='bbox 543 1364 619 1432; x_wconf 89' lang='lat' dir='ltr'>Deo</span> <span class='ocrx_word' id='word_1_103' title='bbox 648 1364 807 1431; x_wconf 86' lang='lat' dir='ltr'>honorem</span> <span class='ocrx_word' id='word_1_104' title='bbox 830 1363 1043 1452; x_wconf 76' lang='lat' dir='ltr'>praestitisse</span> <span class='ocrx_word' id='word_1_105' title='bbox 1074 1383 1133 1429; x_wconf 89' lang='lat' dir='ltr'>ne·</span> 
     </span>
     <span class='ocr_line' id='line_1_13' title="bbox 49 1446 1132 1538; baseline 0 -24"><span class='ocrx_word' id='word_1_106' title='bbox 49 1454 160 1536; x_wconf 81' lang='lat' dir='ltr'>gereret</span> <span class='ocrx_word' id='word_1_107' title='bbox 172 1447 278 1529; x_wconf 79' lang='grc' dir='ltr'><strong><em>(διότι</em></strong></span> <span class='ocrx_word' id='word_1_108' title='bbox 290 1446 421 1532; x_wconf 73' lang='grc' dir='ltr'><strong><em>γνόντες</em></strong></span> <span class='ocrx_word' id='word_1_109' title='bbox 434 1487 477 1504; x_wconf 48' lang='grc' dir='ltr'>-κ</span> <span class='ocrx_word' id='word_1_110' title='bbox 490 1446 769 1538; x_wconf 74' lang='grc' dir='ltr'><strong><em>ηὐχαρίστησαν),</em></strong></span> <span class='ocrx_word' id='word_1_111' title='bbox 788 1449 997 1514; x_wconf 78' lang='grc' dir='ltr'><strong><em>σοατνονίανα</em></strong></span> <span class='ocrx_word' id='word_1_112' title='bbox 1017 1449 1132 1514; x_wconf 81' lang='lat' dir='ltr'>stetim</span> 
     </span>
     <span class='ocr_line' id='line_1_14' title="bbox 22 1531 1132 1623; baseline -0.002 -23"><span class='ocrx_word' id='word_1_113' title='bbox 22 1569 23 1574; x_wconf 23' lang='grc' dir='ltr'><strong><em>ν</em></strong></span> <span class='ocrx_word' id='word_1_114' title='bbox 49 1532 215 1601; x_wconf 78' lang='lat' dir='ltr'>sententiam</span> <span class='ocrx_word' id='word_1_115' title='bbox 230 1531 280 1600; x_wconf 80' lang='lat' dir='ltr'>ite</span> <span class='ocrx_word' id='word_1_116' title='bbox 293 1535 471 1622; x_wconf 70' lang='lat' dir='ltr'>persequi,</span> <span class='ocrx_word' id='word_1_117' title='bbox 489 1533 623 1623; x_wconf 79' lang='lat' dir='ltr'>utquid</span> <span class='ocrx_word' id='word_1_118' title='bbox 637 1535 690 1602; x_wconf 90' lang='lat' dir='ltr'>illi</span> <span class='ocrx_word' id='word_1_119' title='bbox 713 1542 826 1600; x_wconf 86' lang='lat' dir='ltr'>eontra</span> <span class='ocrx_word' id='word_1_120' title='bbox 854 1553 961 1621; x_wconf 80' lang='lat' dir='ltr'>quam</span> <span class='ocrx_word' id='word_1_121' title='bbox 976 1532 1132 1599; x_wconf 76' lang='lat' dir='ltr'>decuerat</span> 
     </span>
     <span class='ocr_line' id='line_1_15' title="bbox 48 1609 1139 1708; baseline -0.002 -22"><span class='ocrx_word' id='word_1_122' title='bbox 48 1621 178 1686; x_wconf 78' lang='lat' dir='ltr'>iecissent</span> <span class='ocrx_word' id='word_1_123' title='bbox 190 1618 223 1686; x_wconf 83' lang='lat' dir='ltr'>ln.</span> <span class='ocrx_word' id='word_1_124' title='bbox 236 1639 284 1686; x_wconf 87' lang='lat' dir='ltr'>nr.</span> <span class='ocrx_word' id='word_1_125' title='bbox 300 1617 444 1690; x_wconf 79' lang='lat' dir='ltr'>dieeret:</span> <span class='ocrx_word' id='word_1_126' title='bbox 465 1614 541 1688; x_wconf 83' lang='grc' dir='ltr'><strong><em>ἀλλ’</em></strong></span> <span class='ocrx_word' id='word_1_127' title='bbox 564 1609 750 1708; x_wconf 78' lang='grc' dir='ltr'><strong><em>ἤλλαξαν</em></strong></span> <span class='ocrx_word' id='word_1_128' title='bbox 774 1617 847 1706; x_wconf 80' lang='grc' dir='ltr'>τὴν</span> <span class='ocrx_word' id='word_1_129' title='bbox 866 1615 989 1696; x_wconf 83' lang='grc' dir='ltr'><strong><em>δόξαν</em></strong></span> <span class='ocrx_word' id='word_1_130' title='bbox 1002 1641 1032 1682; x_wconf 88' lang='grc' dir='ltr'>τ.</span> <span class='ocrx_word' id='word_1_131' title='bbox 1047 1613 1077 1683; x_wconf 81' lang='grc' dir='ltr'>ἀ.</span> <span class='ocrx_word' id='word_1_132' title='bbox 1093 1623 1139 1684; x_wconf 68' lang='lat' dir='ltr'>d:</span> 
     </span>
     <span class='ocr_line' id='line_1_16' title="bbox 48 1695 1155 1792; baseline -0.002 -20"><span class='ocrx_word' id='word_1_133' title='bbox 48 1703 66 1772; x_wconf 82' lang='lat' dir='ltr'>l.</span> <span class='ocrx_word' id='word_1_134' title='bbox 81 1699 140 1770; x_wconf 71' lang='lat' dir='ltr'>dt.</span> <span class='ocrx_word' id='word_1_135' title='bbox 164 1725 200 1791; x_wconf 77' lang='lat' dir='ltr'>q).</span> <span class='ocrx_word' id='word_1_136' title='bbox 222 1695 341 1790; x_wconf 78' lang='grc' dir='ltr'><strong><em>ἀνθρ.</em></strong></span> <span class='ocrx_word' id='word_1_137' title='bbox 364 1729 391 1768; x_wconf 85' lang='grc' dir='ltr'>κ.</span> <span class='ocrx_word' id='word_1_138' title='bbox 412 1730 441 1772; x_wconf 88' lang='grc' dir='ltr'>τ.</span> <span class='ocrx_word' id='word_1_139' title='bbox 461 1707 492 1772; x_wconf 92' lang='grc' dir='ltr'>λ.</span> <span class='ocrx_word' id='word_1_140' title='bbox 523 1707 566 1774; x_wconf 87' lang='lat' dir='ltr'>ef.</span> <span class='ocrx_word' id='word_1_141' title='bbox 590 1701 624 1776; x_wconf 75' lang='grc' dir='ltr'>ν.</span> <span class='ocrx_word' id='word_1_142' title='bbox 643 1705 710 1774; x_wconf 82' lang='grc'><strong>23..</strong></span> <span class='ocrx_word' id='word_1_143' title='bbox 760 1703 829 1772; x_wconf 85' lang='lat' dir='ltr'>Sed</span> <span class='ocrx_word' id='word_1_144' title='bbox 851 1711 948 1770; x_wconf 76' lang='lat' dir='ltr'>antea</span> <span class='ocrx_word' id='word_1_145' title='bbox 969 1724 1133 1792; x_wconf 80' lang='lat' dir='ltr'>exponere</span> <span class='ocrx_word' id='word_1_146' title='bbox 1151 1742 1155 1748; x_wconf 94' lang='lat'><em>·</em></span> 
     </span>
     <span class='ocr_line' id='line_1_17' title="bbox 48 1788 1132 1877; baseline 0.001 -23"><span class='ocrx_word' id='word_1_147' title='bbox 48 1790 155 1870; x_wconf 77' lang='lat' dir='ltr'>nduit,</span> <span class='ocrx_word' id='word_1_148' title='bbox 183 1788 252 1876; x_wconf 76' lang='lat' dir='ltr'>quei</span> <span class='ocrx_word' id='word_1_149' title='bbox 270 1810 308 1854; x_wconf 87' lang='lat' dir='ltr'>re</span> <span class='ocrx_word' id='word_1_150' title='bbox 328 1789 480 1857; x_wconf 85' lang='lat' dir='ltr'>effeetum</span> <span class='ocrx_word' id='word_1_151' title='bbox 502 1797 611 1874; x_wconf 89' lang='lat' dir='ltr'>esset,</span> <span class='ocrx_word' id='word_1_152' title='bbox 640 1798 679 1856; x_wconf 91' lang='lat' dir='ltr'>ut</span> <span class='ocrx_word' id='word_1_153' title='bbox 699 1791 845 1875; x_wconf 84' lang='lat' dir='ltr'>gentiles</span> <span class='ocrx_word' id='word_1_154' title='bbox 867 1790 1048 1855; x_wconf 81' lang='lat' dir='ltr'>simulacre</span> <span class='ocrx_word' id='word_1_155' title='bbox 1063 1809 1132 1877; x_wconf 90' lang='lat' dir='ltr'>pro</span> 
     </span>
     <span class='ocr_line' id='line_1_18' title="bbox 47 1868 1132 1968; baseline -0.001 -27"><span class='ocrx_word' id='word_1_156' title='bbox 47 1875 101 1941; x_wconf 89' lang='lat' dir='ltr'>Deo</span> <span class='ocrx_word' id='word_1_157' title='bbox 118 1868 363 1946; x_wconf 81' lang='lat' dir='ltr'>venerarentru&#39;.</span> <span class='ocrx_word' id='word_1_158' title='bbox 405 1875 509 1968; x_wconf 88' lang='lat' dir='ltr'>Cujus</span> <span class='ocrx_word' id='word_1_159' title='bbox 531 1875 784 1966; x_wconf 82' lang='lat' dir='ltr'>superstitionis</span> <span class='ocrx_word' id='word_1_160' title='bbox 805 1897 938 1940; x_wconf 83' lang='lat' dir='ltr'>eausam</span> <span class='ocrx_word' id='word_1_161' title='bbox 959 1875 995 1940; x_wconf 88' lang='lat' dir='ltr'>in</span> <span class='ocrx_word' id='word_1_162' title='bbox 1018 1896 1057 1940; x_wconf 92' lang='lat' dir='ltr'>eo</span> <span class='ocrx_word' id='word_1_163' title='bbox 1078 1895 1132 1940; x_wconf 88' lang='lat' dir='ltr'>re-</span> 
     </span>
     <span class='ocr_line' id='line_1_19' title="bbox 22 1958 1133 2050; baseline 0 -24"><span class='ocrx_word' id='word_1_164' title='bbox 22 2033 23 2040; x_wconf 16' lang='lat' dir='ltr'>q</span> <span class='ocrx_word' id='word_1_165' title='bbox 47 1963 131 2050; x_wconf 81' lang='lat' dir='ltr'>ponit,</span> <span class='ocrx_word' id='word_1_166' title='bbox 157 1958 247 2048; x_wconf 88' lang='lat' dir='ltr'>quod</span> <span class='ocrx_word' id='word_1_167' title='bbox 262 1981 399 2046; x_wconf 89' lang='lat' dir='ltr'>magnus</span> <span class='ocrx_word' id='word_1_168' title='bbox 412 1972 447 2030; x_wconf 91' lang='lat' dir='ltr'>et</span> <span class='ocrx_word' id='word_1_169' title='bbox 463 1963 521 2049; x_wconf 91' lang='lat' dir='ltr'>qui</span> <span class='ocrx_word' id='word_1_170' title='bbox 539 1968 688 2050; x_wconf 87' lang='lat' dir='ltr'>tempore</span> <span class='ocrx_word' id='word_1_171' title='bbox 710 1963 855 2028; x_wconf 89' lang='lat' dir='ltr'>ereverit</span> <span class='ocrx_word' id='word_1_172' title='bbox 877 1967 997 2049; x_wconf 90' lang='lat' dir='ltr'>stupor</span> <span class='ocrx_word' id='word_1_173' title='bbox 1017 1961 1133 2026; x_wconf 81' lang='lat' dir='ltr'>eorum</span> 
     </span>
     <span class='ocr_line' id='line_1_20' title="bbox 48 2043 1133 2130; baseline 0 -20"><span class='ocrx_word' id='word_1_174' title='bbox 48 2051 146 2111; x_wconf 85' lang='lat' dir='ltr'>nentes</span> <span class='ocrx_word' id='word_1_175' title='bbox 167 2067 248 2112; x_wconf 90' lang='lat' dir='ltr'>oeeu</span> <span class='ocrx_word' id='word_1_176' title='bbox 273 2047 396 2130; x_wconf 81' lang='lat' dir='ltr'>averit,</span> <span class='ocrx_word' id='word_1_177' title='bbox 424 2053 462 2112; x_wconf 91' lang='lat' dir='ltr'>ut</span> <span class='ocrx_word' id='word_1_178' title='bbox 480 2045 625 2113; x_wconf 82' lang='lat' dir='ltr'>absurda</span> <span class='ocrx_word' id='word_1_179' title='bbox 648 2045 694 2112; x_wconf 89' lang='lat' dir='ltr'>de</span> <span class='ocrx_word' id='word_1_180' title='bbox 712 2045 787 2112; x_wconf 92' lang='lat' dir='ltr'>Deo</span> <span class='ocrx_word' id='word_1_181' title='bbox 808 2043 1133 2112; x_wconf 78' lang='lat' dir='ltr'>commenta-animis</span> 
     </span>
     <span class='ocr_line' id='line_1_21' title="bbox 47 2067 1257 2218; baseline -0.002 -22"><span class='ocrx_word' id='word_1_182' title='bbox 47 2151 120 2196; x_wconf 83' lang='lat' dir='ltr'>oenoe</span> <span class='ocrx_word' id='word_1_183' title='bbox 141 2131 225 2196; x_wconf 90' lang='lat' dir='ltr'>erint</span> <span class='ocrx_word' id='word_1_184' title='bbox 242 2067 292 2216; x_wconf 64' lang='lat' dir='ltr'>ll.</span> <span class='ocrx_word' id='word_1_185' title='bbox 308 2131 364 2200; x_wconf 88' lang='grc'>21.</span> <span class='ocrx_word' id='word_1_186' title='bbox 390 2128 465 2197; x_wconf 78' lang='grc' dir='ltr'><strong><em>ἀλλ’</em></strong></span> <span class='ocrx_word' id='word_1_187' title='bbox 481 2129 745 2218; x_wconf 75' lang='grc' dir='ltr'><strong><em>ἐματαιώθησαν</em></strong></span> <span class='ocrx_word' id='word_1_188' title='bbox 765 2170 806 2180; x_wconf 91' lang='lat'><em>-</em></span> <span class='ocrx_word' id='word_1_189' title='bbox 825 2170 867 2180; x_wconf 89' lang='lat'>—</span> <span class='ocrx_word' id='word_1_190' title='bbox 888 2125 1133 2216; x_wconf 77' lang='grc' dir='ltr'><strong><em>ἐμωράνθησαν</em></strong></span> <span class='ocrx_word' id='word_1_191' title='bbox 1214 2167 1216 2174; x_wconf 90' lang='grc'>-</span> <span class='ocrx_word' id='word_1_192' title='bbox 1253 2149 1257 2160; x_wconf 94' lang='grc'><em>·</em></span> 
     </span>
     <span class='ocr_line' id='line_1_22' title="bbox 48 2153 1134 2301; baseline -0.002 -19"><span class='ocrx_word' id='word_1_193' title='bbox 48 2153 157 2301; x_wconf 56' lang='grc' dir='ltr'><strong><em>αλλλ,</em></strong></span> <span class='ocrx_word' id='word_1_194' title='bbox 195 2209 275 2282; x_wconf 79' lang='grc' dir='ltr'><strong><em>ἀλλ’</em></strong></span> <span class='ocrx_word' id='word_1_195' title='bbox 292 2211 558 2301; x_wconf 73' lang='grc' dir='ltr'><strong><em>ἐματαιώθησαν</em></strong></span> <span class='ocrx_word' id='word_1_196' title='bbox 571 2215 606 2282; x_wconf 79' lang='grc' dir='ltr'><strong><em>ἐν</em></strong></span> <span class='ocrx_word' id='word_1_197' title='bbox 620 2240 649 2283; x_wconf 89' lang='grc' dir='ltr'>τ.</span> <span class='ocrx_word' id='word_1_198' title='bbox 676 2217 704 2280; x_wconf 91' lang='grc' dir='ltr'>δ.</span> <span class='ocrx_word' id='word_1_199' title='bbox 728 2207 852 2298; x_wconf 80' lang='grc' dir='ltr'><strong><em>αίιτῶν]</em></strong></span> <span class='ocrx_word' id='word_1_200' title='bbox 875 2214 965 2282; x_wconf 89' lang='lat' dir='ltr'>Male</span> <span class='ocrx_word' id='word_1_201' title='bbox 986 2212 1134 2282; x_wconf 83' lang='lat' dir='ltr'>Stolzius</span> 
     </span>
     <span class='ocr_line' id='line_1_23' title="bbox 47 2303 1133 2388; baseline 0.004 -22"><span class='ocrx_word' id='word_1_202' title='bbox 47 2303 139 2369; x_wconf 76' lang='lat' dir='ltr'>vertit:</span> <span class='ocrx_word' id='word_1_203' title='bbox 159 2304 285 2386; x_wconf 71' lang='lat' dir='ltr'>tentem</span> <span class='ocrx_word' id='word_1_204' title='bbox 300 2303 336 2386; x_wconf 72' lang='lat' dir='ltr'>tie</span> <span class='ocrx_word' id='word_1_205' title='bbox 356 2305 450 2386; x_wconf 63' lang='lat' dir='ltr'>licien</span> <span class='ocrx_word' id='word_1_206' title='bbox 467 2304 519 2388; x_wconf 73' lang='lat' dir='ltr'>tet</span> <span class='ocrx_word' id='word_1_207' title='bbox 541 2305 627 2385; x_wconf 75' lang='lat' dir='ltr'>butu)</span> <span class='ocrx_word' id='word_1_208' title='bbox 648 2304 733 2385; x_wconf 74' lang='lat' dir='ltr'>turen</span> <span class='ocrx_word' id='word_1_209' title='bbox 755 2305 923 2382; x_wconf 71' lang='lat' dir='ltr'>telenum</span> <span class='ocrx_word' id='word_1_210' title='bbox 944 2303 1034 2374; x_wconf 61' lang='lat' dir='ltr'>(tino</span> <span class='ocrx_word' id='word_1_211' title='bbox 1051 2319 1133 2386; x_wconf 65' lang='lat' dir='ltr'>qum</span> 
     </span>
     <span class='ocr_line' id='line_1_24' title="bbox 49 2384 1168 2478; baseline -0.008 -20"><span class='ocrx_word' id='word_1_212' title='bbox 49 2387 89 2458; x_wconf 77' lang='lat' dir='ltr'>tt</span> <span class='ocrx_word' id='word_1_213' title='bbox 120 2389 281 2472; x_wconf 67' lang='lat' dir='ltr'>enitenti</span> <span class='ocrx_word' id='word_1_214' title='bbox 298 2390 446 2469; x_wconf 70' lang='lat' dir='ltr'>tuleitem</span> <span class='ocrx_word' id='word_1_215' title='bbox 485 2384 607 2474; x_wconf 84' lang='lat' dir='ltr'>Neque</span> <span class='ocrx_word' id='word_1_216' title='bbox 624 2387 712 2452; x_wconf 90' lang='lat' dir='ltr'>enim</span> <span class='ocrx_word' id='word_1_217' title='bbox 727 2388 963 2478; x_wconf 79' lang='grc' dir='ltr'><strong><em>ματαιοῦσθαι</em></strong></span> <span class='ocrx_word' id='word_1_218' title='bbox 980 2391 1014 2452; x_wconf 89' lang='lat' dir='ltr'>et</span> <span class='ocrx_word' id='word_1_219' title='bbox 1035 2384 1131 2452; x_wconf 85' lang='lat' dir='ltr'>hebr.</span> <span class='ocrx_word' id='word_1_220' title='bbox 1165 2410 1168 2423; x_wconf 43' lang='grc' dir='ltr'><strong><em>ν</em></strong></span> 
     </span>
     <span class='ocr_line' id='line_1_25' title="bbox 48 2398 1133 2558; baseline -0.002 -22"><span class='ocrx_word' id='word_1_221' title='bbox 48 2398 204 2558; x_wconf 62' lang='lat' dir='ltr'>isellieg.</span> <span class='ocrx_word' id='word_1_222' title='bbox 220 2471 333 2555; x_wconf 81' lang='lat'>17,15.</span> <span class='ocrx_word' id='word_1_223' title='bbox 347 2480 382 2538; x_wconf 91' lang='lat' dir='ltr'>et</span> <span class='ocrx_word' id='word_1_224' title='bbox 397 2470 418 2540; x_wconf 89' lang='lat' dir='ltr'>J</span> <span class='ocrx_word' id='word_1_225' title='bbox 419 2493 467 2537; x_wconf 88' lang='lat' dir='ltr'>er.</span> <span class='ocrx_word' id='word_1_226' title='bbox 482 2471 549 2556; x_wconf 82' lang='grc'><strong>2,5.</strong></span> <span class='ocrx_word' id='word_1_227' title='bbox 561 2471 648 2538; x_wconf 82' lang='lat' dir='ltr'>idola</span> <span class='ocrx_word' id='word_1_228' title='bbox 661 2472 763 2538; x_wconf 82' lang='lat' dir='ltr'>colere</span> <span class='ocrx_word' id='word_1_229' title='bbox 776 2477 871 2538; x_wconf 87' lang='lat' dir='ltr'>notat</span> <span class='ocrx_word' id='word_1_230' title='bbox 884 2471 941 2554; x_wconf 84' lang='lat' dir='ltr'>[ei.</span> <span class='ocrx_word' id='word_1_231' title='bbox 957 2470 1133 2556; x_wconf 82' lang='lat' dir='ltr'>Koppiue],</span> 
     </span>
     <span class='ocr_line' id='line_1_26' title="bbox 48 2551 1132 2660; baseline 0 -42"><span class='ocrx_word' id='word_1_232' title='bbox 48 2555 90 2620; x_wconf 81' lang='lat' dir='ltr'>sed</span> <span class='ocrx_word' id='word_1_233' title='bbox 99 2556 290 2660; x_wconf 83' lang='lat' dir='ltr'>ibiquoque</span> <span class='ocrx_word' id='word_1_234' title='bbox 303 2558 440 2624; x_wconf 73' lang='lat' dir='ltr'>steritem</span> <span class='ocrx_word' id='word_1_235' title='bbox 449 2555 527 2639; x_wconf 80' lang='lat' dir='ltr'>fieri</span> <span class='ocrx_word' id='word_1_236' title='bbox 547 2579 576 2624; x_wconf 92' lang='lat' dir='ltr'>s.</span> <span class='ocrx_word' id='word_1_237' title='bbox 598 2579 669 2622; x_wconf 86' lang='lat' dir='ltr'>esee</span> <span class='ocrx_word' id='word_1_238' title='bbox 689 2555 731 2642; x_wconf 87' lang='lat' dir='ltr'>(i.</span> <span class='ocrx_word' id='word_1_239' title='bbox 754 2577 789 2643; x_wconf 89' lang='lat' dir='ltr'>q.</span> <span class='ocrx_word' id='word_1_240' title='bbox 808 2551 953 2640; x_wconf 85' lang='grc' dir='ltr'><strong><em>μάταιον</em></strong></span> <span class='ocrx_word' id='word_1_241' title='bbox 975 2551 1132 2640; x_wconf 68' lang='grc' dir='ltr'><strong><em>γίνεσθαι</em></strong></span> 
     </span>
     <span class='ocr_line' id='line_1_27' title="bbox 48 2633 1131 2739; baseline -0.001 -36"><span class='ocrx_word' id='word_1_242' title='bbox 48 2633 149 2708; x_wconf 78' lang='grc' dir='ltr'><strong><em>α’νίναι</em></strong></span> <span class='ocrx_word' id='word_1_243' title='bbox 160 2667 184 2710; x_wconf 89' lang='lat'>1.</span> <span class='ocrx_word' id='word_1_244' title='bbox 200 2665 234 2731; x_wconf 90' lang='lat' dir='ltr'>q.</span> <span class='ocrx_word' id='word_1_245' title='bbox 250 2642 345 2709; x_wconf 88' lang='lat' dir='ltr'>hebr.</span> <span class='ocrx_word' id='word_1_246' title='bbox 360 2639 448 2730; x_wconf 62' lang='grc' dir='ltr'><strong><em>λνηηη</em></strong></span> <span class='ocrx_word' id='word_1_247' title='bbox 464 2645 484 2706; x_wconf 94' lang='lat' dir='ltr'>l</span> <span class='ocrx_word' id='word_1_248' title='bbox 501 2640 592 2710; x_wconf 86' lang='lat' dir='ltr'>Sam.</span> <span class='ocrx_word' id='word_1_249' title='bbox 607 2640 717 2724; x_wconf 64' lang='lat'><strong>2631.</strong></span> <span class='ocrx_word' id='word_1_250' title='bbox 733 2649 767 2706; x_wconf 91' lang='lat' dir='ltr'>et</span> <span class='ocrx_word' id='word_1_251' title='bbox 779 2641 848 2728; x_wconf 62' lang='lat' dir='ltr'>¹&gt;qu</span> <span class='ocrx_word' id='word_1_252' title='bbox 865 2638 1131 2739; x_wconf 69' lang='lat' dir='ltr'>lsam.13‚13.)‚</span> 
     </span>
     <span class='ocr_line' id='line_1_28' title="bbox 47 2723 1222 2814; baseline -0.006 -25"><span class='ocrx_word' id='word_1_253' title='bbox 47 2723 128 2810; x_wconf 79' lang='lat' dir='ltr'>inepte</span> <span class='ocrx_word' id='word_1_254' title='bbox 143 2749 238 2814; x_wconf 80' lang='lat' dir='ltr'>aqere</span> <span class='ocrx_word' id='word_1_255' title='bbox 262 2727 431 2813; x_wconf 82' lang='lat' dir='ltr'>signifieat</span> <span class='ocrx_word' id='word_1_256' title='bbox 451 2725 675 2814; x_wconf 77' lang='lat' dir='ltr'>dicunturque</span> <span class='ocrx_word' id='word_1_257' title='bbox 693 2723 892 2792; x_wconf 79' lang='lat' dir='ltr'>idololatrae</span> <span class='ocrx_word' id='word_1_258' title='bbox 906 2725 949 2790; x_wconf 88' lang='lat' dir='ltr'>ab</span> <span class='ocrx_word' id='word_1_259' title='bbox 963 2725 1034 2790; x_wconf 91' lang='lat' dir='ltr'>illis</span> <span class='ocrx_word' id='word_1_260' title='bbox 1049 2745 1132 2788; x_wconf 83' lang='lat' dir='ltr'>sorr·</span> <span class='ocrx_word' id='word_1_261' title='bbox 1216 2771 1222 2782; x_wconf 90' lang='lat'><em>.</em></span> 
     </span>
    </p>
   </div>
   <div class='ocr_carea' id='block_1_3' title="bbox 47 2789 1273 2904">
    <p class='ocr_par' dir='ltr' id='par_1_4' title="bbox 47 2789 1273 2904">
     <span class='ocr_line' id='line_1_29' title="bbox 47 2789 1273 2904; baseline -0.001 -30"><span class='ocrx_word' id='word_1_262' title='bbox 47 2811 172 2896; x_wconf 80' lang='lat' dir='ltr'>pleribus</span> <span class='ocrx_word' id='word_1_263' title='bbox 184 2813 439 2904; x_wconf 87' lang='lat' dir='ltr'>paronomasiae</span> <span class='ocrx_word' id='word_1_264' title='bbox 455 2810 567 2877; x_wconf 93' lang='lat' dir='ltr'>studio</span> <span class='ocrx_word' id='word_1_265' title='bbox 589 2809 702 2900; x_wconf 53' lang='lat' dir='ltr'>tepet</span> <span class='ocrx_word' id='word_1_266' title='bbox 721 2811 962 2900; x_wconf 81' lang='grc' dir='ltr'><strong><em>ματαιωθῆναι</em></strong></span> <span class='ocrx_word' id='word_1_267' title='bbox 982 2807 1005 2877; x_wconf 85' lang='lat' dir='ltr'>i&#39;.</span> <span class='ocrx_word' id='word_1_268' title='bbox 1028 2831 1059 2876; x_wconf 90' lang='lat' dir='ltr'>e.</span> <span class='ocrx_word' id='word_1_269' title='bbox 1081 2809 1132 2874; x_wconf 85' lang='lat' dir='ltr'>in·</span> <span class='ocrx_word' id='word_1_270' title='bbox 1263 2789 1273 2849; x_wconf 54' lang='grc' dir='ltr'><em>ἶ</em></span> 
     </span>
    </p>
   </div>
   <div class='ocr_carea' id='block_1_4' title="bbox 47 2891 1213 3068">
    <p class='ocr_par' dir='ltr' id='par_1_5' title="bbox 47 2891 1213 3068">
     <span class='ocr_line' id='line_1_30' title="bbox 47 2891 1132 2986; baseline -0.002 -28"><span class='ocrx_word' id='word_1_271' title='bbox 47 2895 181 2979; x_wconf 74' lang='lat' dir='ltr'>ausimne.</span> <span class='ocrx_word' id='word_1_272' title='bbox 220 2897 313 2964; x_wconf 88' lang='lat' dir='ltr'>Nam</span> <span class='ocrx_word' id='word_1_273' title='bbox 326 2895 416 2963; x_wconf 83' lang='lat' dir='ltr'>idolo</span> <span class='ocrx_word' id='word_1_274' title='bbox 430 2898 545 2986; x_wconf 87' lang='lat' dir='ltr'>paullo</span> <span class='ocrx_word' id='word_1_275' title='bbox 558 2901 636 2965; x_wconf 89' lang='lat' dir='ltr'>ante</span> <span class='ocrx_word' id='word_1_276' title='bbox 650 2902 809 2963; x_wconf 76' lang='lat' dir='ltr'>vocarant</span> <span class='ocrx_word' id='word_1_277' title='bbox 831 2893 892 2986; x_wconf 65' lang='grc' dir='ltr'>Βηη,</span> <span class='ocrx_word' id='word_1_278' title='bbox 911 2902 945 2960; x_wconf 91' lang='lat' dir='ltr'>et</span> <span class='ocrx_word' id='word_1_279' title='bbox 965 2891 1044 2969; x_wconf 77' lang='grc' dir='ltr'><strong><em>τοὺς</em></strong></span> <span class='ocrx_word' id='word_1_280' title='bbox 1061 2915 1132 2974; x_wconf 89' lang='grc' dir='ltr'><strong><em>μα-</em></strong></span> 
     </span>
     <span class='ocr_line' id='line_1_31' title="bbox 47 2973 1213 3068; baseline 0 -26"><span class='ocrx_word' id='word_1_281' title='bbox 47 2977 137 3056; x_wconf 85' lang='grc' dir='ltr'><strong><em>ταίους</em></strong></span> <span class='ocrx_word' id='word_1_282' title='bbox 150 3004 178 3050; x_wconf 82' lang='grc' dir='ltr'>ο.</span> <span class='ocrx_word' id='word_1_283' title='bbox 197 2978 241 3049; x_wconf 74' lang='grc' dir='ltr'><strong><em>τοί</em></strong></span> <span class='ocrx_word' id='word_1_284' title='bbox 259 2978 397 3065; x_wconf 80' lang='grc' dir='ltr'><strong><em>μάταια.</em></strong></span> <span class='ocrx_word' id='word_1_285' title='bbox 440 2981 548 3048; x_wconf 87' lang='lat' dir='ltr'>Immo</span> <span class='ocrx_word' id='word_1_286' title='bbox 561 2977 824 3068; x_wconf 79' lang='grc' dir='ltr'><strong><em>ἐματαιώθησαν</em></strong></span> <span class='ocrx_word' id='word_1_287' title='bbox 836 2989 889 3044; x_wconf 88' lang='lat' dir='ltr'>est</span> <span class='ocrx_word' id='word_1_288' title='bbox 909 2973 1004 3045; x_wconf 68' lang='lat' dir='ltr'>terrm</span> <span class='ocrx_word' id='word_1_289' title='bbox 1022 2997 1131 3044; x_wconf 83' lang='lat' dir='ltr'>evase-</span> <span class='ocrx_word' id='word_1_290' title='bbox 1211 3035 1213 3042; x_wconf 82' lang='grc'>,</span> 
     </span>
    </p>
   </div>
   <div class='ocr_carea' id='block_1_5' title="bbox 46 3062 1239 3156">
    <p class='ocr_par' dir='ltr' id='par_1_6' title="bbox 46 3062 1239 3156">
     <span class='ocr_line' id='line_1_32' title="bbox 46 3062 1239 3156; baseline -0.004 -27"><span class='ocrx_word' id='word_1_291' title='bbox 46 3071 102 3131; x_wconf 80' lang='lat' dir='ltr'>met</span> <span class='ocrx_word' id='word_1_292' title='bbox 114 3069 144 3131; x_wconf 89' lang='lat' dir='ltr'>et</span> <span class='ocrx_word' id='word_1_293' title='bbox 155 3063 187 3133; x_wconf 88' lang='lat' dir='ltr'>oi</span> <span class='ocrx_word' id='word_1_294' title='bbox 200 3063 420 3149; x_wconf 79' lang='grc' dir='ltr'><strong><em>διαλογισμοί</em></strong></span> <span class='ocrx_word' id='word_1_295' title='bbox 435 3066 636 3156; x_wconf 81' lang='lat' dir='ltr'>simpliciter</span> <span class='ocrx_word' id='word_1_296' title='bbox 648 3066 760 3132; x_wconf 82' lang='lat' dir='ltr'>valent</span> <span class='ocrx_word' id='word_1_297' title='bbox 773 3064 916 3150; x_wconf 82' lang='lat' dir='ltr'>eoqitata</span> <span class='ocrx_word' id='word_1_298' title='bbox 931 3067 1013 3151; x_wconf 86' lang='lat' dir='ltr'>(non</span> <span class='ocrx_word' id='word_1_299' title='bbox 1027 3062 1131 3128; x_wconf 83' lang='lat' dir='ltr'>ratio·</span> <span class='ocrx_word' id='word_1_300' title='bbox 1171 3097 1172 3100; x_wconf 21' lang='grc' dir='ltr'><strong><em>ν</em></strong></span> <span class='ocrx_word' id='word_1_301' title='bbox 1237 3113 1239 3118; x_wconf 97' lang='grc'><strong>.</strong></span> 
     </span>
    </p>
   </div>
   <div class='ocr_carea' id='block_1_6' title="bbox 45 3145 1131 3324">
    <p class='ocr_par' dir='ltr' id='par_1_7' title="bbox 45 3145 1131 3324">
     <span class='ocr_line' id='line_1_33' title="bbox 46 3145 1130 3240; baseline -0.003 -28"><span class='ocrx_word' id='word_1_302' title='bbox 46 3147 211 3236; x_wconf 71' lang='lat' dir='ltr'>ouationes,</span> <span class='ocrx_word' id='word_1_303' title='bbox 233 3160 278 3236; x_wconf 87' lang='lat' dir='ltr'>ut</span> <span class='ocrx_word' id='word_1_304' title='bbox 288 3151 403 3222; x_wconf 85' lang='lat' dir='ltr'>Bezae</span> <span class='ocrx_word' id='word_1_305' title='bbox 413 3152 573 3240; x_wconf 86' lang='lat' dir='ltr'>placuit),</span> <span class='ocrx_word' id='word_1_306' title='bbox 595 3157 633 3239; x_wconf 83' lang='lat' dir='ltr'>ut</span> <span class='ocrx_word' id='word_1_307' title='bbox 646 3151 766 3228; x_wconf 79' lang='lat' dir='ltr'>reeh.</span> <span class='ocrx_word' id='word_1_308' title='bbox 785 3151 813 3216; x_wconf 89' lang='lat' dir='ltr'>l.</span> <span class='ocrx_word' id='word_1_309' title='bbox 836 3168 945 3236; x_wconf 88' lang='lat' dir='ltr'>neque</span> <span class='ocrx_word' id='word_1_310' title='bbox 967 3145 1130 3232; x_wconf 82' lang='lat' dir='ltr'>cogitato-</span> 
     </span>
     <span class='ocr_line' id='line_1_34' title="bbox 45 3231 1131 3324; baseline -0.003 -26"><span class='ocrx_word' id='word_1_311' title='bbox 45 3253 99 3298; x_wconf 86' lang='lat' dir='ltr'>nun</span> <span class='ocrx_word' id='word_1_312' title='bbox 115 3234 293 3306; x_wconf 81' lang='lat' dir='ltr'>venitatem</span> <span class='ocrx_word' id='word_1_313' title='bbox 315 3234 453 3324; x_wconf 74' lang='lat' dir='ltr'>(lCor.</span> <span class='ocrx_word' id='word_1_314' title='bbox 466 3237 593 3323; x_wconf 79' lang='lat' dir='ltr'>3‚2o.)‚</span> <span class='ocrx_word' id='word_1_315' title='bbox 618 3258 726 3323; x_wconf 90' lang='lat' dir='ltr'>neque</span> <span class='ocrx_word' id='word_1_316' title='bbox 749 3257 863 3301; x_wconf 88' lang='lat' dir='ltr'>eorum</span> <span class='ocrx_word' id='word_1_317' title='bbox 886 3231 1131 3318; x_wconf 82' lang='lat' dir='ltr'>improbitatem</span> 
     </span>
    </p>
   </div>
   <div class='ocr_carea' id='block_1_7' title="bbox 46 3309 1271 3408">
    <p class='ocr_par' dir='ltr' id='par_1_8' title="bbox 46 3309 1271 3408">
     <span class='ocr_line' id='line_1_35' title="bbox 46 3309 1271 3408; baseline -0.02 -12"><span class='ocrx_word' id='word_1_318' title='bbox 46 3318 89 3406; x_wconf 62' lang='lat' dir='ltr'>its·</span> <span class='ocrx_word' id='word_1_319' title='bbox 106 3320 330 3401; x_wconf 59' lang='lat' dir='ltr'>hebr-eamne</span> <span class='ocrx_word' id='word_1_320' title='bbox 349 3320 448 3390; x_wconf 88' lang='lat' dir='ltr'>Esth.</span> <span class='ocrx_word' id='word_1_321' title='bbox 468 3319 559 3408; x_wconf 61' lang='lat' dir='ltr'>uo.)</span> <span class='ocrx_word' id='word_1_322' title='bbox 579 3316 799 3407; x_wconf 82' lang='lat' dir='ltr'>edeiguilieet.¹</span> <span class='ocrx_word' id='word_1_323' title='bbox 847 3317 890 3385; x_wconf 92' lang='lat' dir='ltr'>Id</span> <span class='ocrx_word' id='word_1_324' title='bbox 912 3309 1010 3386; x_wconf 86' lang='lat' dir='ltr'>doeet</span> <span class='ocrx_word' id='word_1_325' title='bbox 1030 3337 1130 3382; x_wconf 86' lang='lat' dir='ltr'>mern-</span> <span class='ocrx_word' id='word_1_326' title='bbox 1161 3337 1163 3339; x_wconf 90' lang='lat'>·</span> <span class='ocrx_word' id='word_1_327' title='bbox 1269 3356 1271 3372; x_wconf 89' lang='lat'><em>.</em></span> 
     </span>
    </p>
   </div>
   <div class='ocr_carea' id='block_1_8' title="bbox 45 3396 1218 4089">
    <p class='ocr_par' dir='ltr' id='par_1_9' title="bbox 45 3396 1218 4089">
     <span class='ocr_line' id='line_1_36' title="bbox 46 3396 1130 3495; baseline 0.002 -31"><span class='ocrx_word' id='word_1_328' title='bbox 46 3400 118 3470; x_wconf 87' lang='lat' dir='ltr'>trun</span> <span class='ocrx_word' id='word_1_329' title='bbox 129 3396 328 3495; x_wconf 82' lang='lat' dir='ltr'>perelleluni</span> <span class='ocrx_word' id='word_1_330' title='bbox 344 3409 400 3474; x_wconf 83' lang='grc' dir='ltr'><strong><em>καί</em></strong></span> <span class='ocrx_word' id='word_1_331' title='bbox 412 3405 596 3494; x_wconf 72' lang='grc' dir='ltr'><strong><em>ἐσκοτίσθη</em></strong></span> <span class='ocrx_word' id='word_1_332' title='bbox 611 3433 638 3472; x_wconf 85' lang='grc' dir='ltr'>ν.</span> <span class='ocrx_word' id='word_1_333' title='bbox 654 3429 685 3470; x_wconf 92' lang='grc' dir='ltr'>τ.</span> <span class='ocrx_word' id='word_1_334' title='bbox 698 3407 743 3484; x_wconf 72' lang='lat' dir='ltr'>l„</span> <span class='ocrx_word' id='word_1_335' title='bbox 766 3404 825 3471; x_wconf 88' lang='lat' dir='ltr'>uhi</span> <span class='ocrx_word' id='word_1_336' title='bbox 837 3403 936 3486; x_wconf 89' lang='lat' dir='ltr'>idem,</span> <span class='ocrx_word' id='word_1_337' title='bbox 957 3402 1025 3482; x_wconf 87' lang='lat' dir='ltr'>nisi</span> <span class='ocrx_word' id='word_1_338' title='bbox 1040 3400 1130 3488; x_wconf 90' lang='lat' dir='ltr'>quod</span> 
     </span>
     <span class='ocr_line' id='line_1_37' title="bbox 46 3485 1130 3582; baseline -0.002 -30"><span class='ocrx_word' id='word_1_339' title='bbox 46 3485 159 3576; x_wconf 73' lang='lat' dir='ltr'>femus,</span> <span class='ocrx_word' id='word_1_340' title='bbox 177 3493 383 3582; x_wconf 85' lang='lat' dir='ltr'>exprimitur</span> <span class='ocrx_word' id='word_1_341' title='bbox 394 3492 639 3582; x_wconf 85' lang='lat' dir='ltr'>respondetque</span> <span class='ocrx_word' id='word_1_342' title='bbox 653 3490 800 3568; x_wconf 66' lang='lat' dir='ltr'>ilri&#39;eoiq</span> <span class='ocrx_word' id='word_1_343' title='bbox 811 3489 1041 3574; x_wconf 76' lang='grc' dir='ltr'><strong><em>διαλογισμοῖς</em></strong></span> <span class='ocrx_word' id='word_1_344' title='bbox 1064 3508 1130 3551; x_wconf 90' lang='lat' dir='ltr'>non</span> 
     </span>
     <span class='ocr_line' id='line_1_38' title="bbox 51 3563 1130 3666; baseline 0.002 -30"><span class='ocrx_word' id='word_1_345' title='bbox 51 3563 268 3654; x_wconf 65' lang='grc' dir='ltr'>εἀσύνετος</span> <span class='ocrx_word' id='word_1_346' title='bbox 287 3575 426 3666; x_wconf 79' lang='grc' dir='ltr'><strong><em>καρδία,</em></strong></span> <span class='ocrx_word' id='word_1_347' title='bbox 462 3577 523 3644; x_wconf 88' lang='lat' dir='ltr'>sed</span> <span class='ocrx_word' id='word_1_348' title='bbox 541 3571 562 3664; x_wconf 79' lang='grc' dir='ltr'><em>ἡ</em></span> <span class='ocrx_word' id='word_1_349' title='bbox 587 3571 719 3664; x_wconf 85' lang='grc' dir='ltr'><strong><em>καρδία.</em></strong></span> <span class='ocrx_word' id='word_1_350' title='bbox 777 3575 912 3642; x_wconf 80' lang='grc' dir='ltr'><strong><em>Ενααννὶ</em></strong></span> <span class='ocrx_word' id='word_1_351' title='bbox 930 3594 972 3638; x_wconf 81' lang='lat' dir='ltr'>ex</span> <span class='ocrx_word' id='word_1_352' title='bbox 997 3572 1130 3638; x_wconf 77' lang='lat' dir='ltr'>lieetio:</span> 
     </span>
     <span class='ocr_line' id='line_1_39' title="bbox 45 3591 1128 3804; baseline -0.004 -76"><span class='ocrx_word' id='word_1_353' title='bbox 45 3591 177 3804; x_wconf 62' lang='grc' dir='ltr'><strong><em>ξτννίναίί</em></strong></span> <span class='ocrx_word' id='word_1_354' title='bbox 188 3661 426 3764; x_wconf 60' lang='grc' dir='ltr'><strong><em>τααί.[ίαδίίλρ.</em></strong></span> <span class='ocrx_word' id='word_1_355' title='bbox 440 3664 528 3746; x_wconf 80' lang='grc'><strong>6,4.]</strong></span> <span class='ocrx_word' id='word_1_356' title='bbox 541 3663 631 3728; x_wconf 82' lang='lat' dir='ltr'>suis</span> <span class='ocrx_word' id='word_1_357' title='bbox 645 3658 967 3728; x_wconf 76' lang='lat' dir='ltr'>ratiocinationi</span> <span class='ocrx_word' id='word_1_358' title='bbox 974 3595 1082 3756; x_wconf 25' lang='lat' dir='ltr'>lusti.</span> <span class='ocrx_word' id='word_1_359' title='bbox 1097 3678 1128 3724; x_wconf 84' lang='lat' dir='ltr'>e.</span> 
     </span>
     <span class='ocr_line' id='line_1_40' title="bbox 45 3748 1129 3916; baseline -0.014 -11"><span class='ocrx_word' id='word_1_360' title='bbox 45 3748 1129 3916; x_wconf 52' lang='lat' dir='ltr'>attttttttttttttttttattt&#39;ttttttztitillet</span> 
     </span>
     <span class='ocr_line' id='line_1_41' title="bbox 46 3905 1218 4008; baseline 0 -36"><span class='ocrx_word' id='word_1_361' title='bbox 46 3909 199 3999; x_wconf 78' lang='lat' dir='ltr'>rejicienda</span> <span class='ocrx_word' id='word_1_362' title='bbox 213 3923 284 3999; x_wconf 77' lang='lat' dir='ltr'>est,</span> <span class='ocrx_word' id='word_1_363' title='bbox 305 3916 395 4004; x_wconf 89' lang='lat' dir='ltr'>quod</span> <span class='ocrx_word' id='word_1_364' title='bbox 407 3937 482 3982; x_wconf 82' lang='lat' dir='ltr'>euni</span> <span class='ocrx_word' id='word_1_365' title='bbox 502 3917 553 3982; x_wconf 75' lang='lat' dir='ltr'>‘ui</span> <span class='ocrx_word' id='word_1_366' title='bbox 566 3914 656 3980; x_wconf 85' lang='lat' dir='ltr'>inter</span> <span class='ocrx_word' id='word_1_367' title='bbox 677 3907 753 3978; x_wconf 79' lang='grc' dir='ltr'><strong><em>ἀλλ’</em></strong></span> <span class='ocrx_word' id='word_1_368' title='bbox 767 3910 1029 3998; x_wconf 77' lang='grc' dir='ltr'><strong><em>ἐματαιώθησαν</em></strong></span> <span class='ocrx_word' id='word_1_369' title='bbox 1049 3905 1076 3974; x_wconf 80' lang='grc' dir='ltr'>ἒ.</span> <span class='ocrx_word' id='word_1_370' title='bbox 1097 3933 1126 4008; x_wconf 75' lang='lat' dir='ltr'>q.</span> <span class='ocrx_word' id='word_1_371' title='bbox 1215 3955 1218 3959; x_wconf 89' lang='lat'>-</span> 
     </span>
     <span class='ocr_line' id='line_1_42' title="bbox 47 3989 1129 4089; baseline 0 -29"><span class='ocrx_word' id='word_1_372' title='bbox 47 3991 66 4056; x_wconf 84' lang='grc' dir='ltr'>δ.</span> <span class='ocrx_word' id='word_1_373' title='bbox 80 3989 103 4062; x_wconf 80' lang='grc' dir='ltr'>ί.</span> <span class='ocrx_word' id='word_1_374' title='bbox 113 4005 145 4065; x_wconf 90' lang='lat' dir='ltr'>et</span> <span class='ocrx_word' id='word_1_375' title='bbox 157 4003 214 4066; x_wconf 83' lang='grc' dir='ltr'><strong><em>καὶ</em></strong></span> <span class='ocrx_word' id='word_1_376' title='bbox 227 3999 410 4088; x_wconf 77' lang='grc' dir='ltr'><strong><em>ἐσκοτίσθη</em></strong></span> <span class='ocrx_word' id='word_1_377' title='bbox 426 3993 444 4089; x_wconf 75' lang='grc' dir='ltr'><em>ἢ</em></span> <span class='ocrx_word' id='word_1_378' title='bbox 459 3997 490 4069; x_wconf 83' lang='lat' dir='ltr'>o’t.</span> <span class='ocrx_word' id='word_1_379' title='bbox 505 4027 535 4068; x_wconf 89' lang='grc' dir='ltr'>α.</span> <span class='ocrx_word' id='word_1_380' title='bbox 554 3997 677 4088; x_wconf 82' lang='grc' dir='ltr'><strong><em>καρδία</em></strong></span> <span class='ocrx_word' id='word_1_381' title='bbox 694 3995 880 4064; x_wconf 83' lang='lat' dir='ltr'>intercedat</span> <span class='ocrx_word' id='word_1_382' title='bbox 896 4017 1019 4062; x_wconf 86' lang='lat' dir='ltr'>nexum</span> <span class='ocrx_word' id='word_1_383' title='bbox 1037 3994 1129 4060; x_wconf 75' lang='lat' dir='ltr'>tollit</span> 
     </span>
    </p>
   </div>
   <div class='ocr_carea' id='block_1_9' title="bbox 46 4074 1346 4184">
    <p class='ocr_par' dir='ltr' id='par_1_10' title="bbox 46 4074 1346 4184">
     <span class='ocr_line' id='line_1_43' title="bbox 46 4074 1346 4184; baseline 0.003 -44"><span class='ocrx_word' id='word_1_384' title='bbox 46 4078 232 4184; x_wconf 76' lang='lat' dir='ltr'>aliepumque</span> <span class='ocrx_word' id='word_1_385' title='bbox 253 4109 273 4152; x_wconf 82' lang='lat' dir='ltr'>e</span> <span class='ocrx_word' id='word_1_386' title='bbox 292 4086 468 4175; x_wconf 78' lang='lat' dir='ltr'>scriptoris</span> <span class='ocrx_word' id='word_1_387' title='bbox 488 4091 598 4153; x_wconf 87' lang='lat' dir='ltr'>mente</span> <span class='ocrx_word' id='word_1_388' title='bbox 619 4083 772 4166; x_wconf 69' lang='lat' dir='ltr'>indueret,</span> <span class='ocrx_word' id='word_1_389' title='bbox 793 4104 870 4170; x_wconf 42' lang='lat' dir='ltr'>tque</span> <span class='ocrx_word' id='word_1_390' title='bbox 889 4103 921 4149; x_wconf 83' lang='lat' dir='ltr'>r.</span> <span class='ocrx_word' id='word_1_391' title='bbox 944 4074 1020 4144; x_wconf 75' lang='grc' dir='ltr'><strong><em>ἀλλ’</em></strong></span> <span class='ocrx_word' id='word_1_392' title='bbox 1042 4079 1128 4158; x_wconf 76' lang='grc' dir='ltr'><strong><em>ἐμοι·</em></strong></span> <span class='ocrx_word' id='word_1_393' title='bbox 1194 4135 1197 4143; x_wconf 84' lang='grc'><strong>.</strong></span> <span class='ocrx_word' id='word_1_394' title='bbox 1273 4077 1278 4085; x_wconf 79' lang='grc'><strong><em>’</em></strong></span> <span class='ocrx_word' id='word_1_395' title='bbox 1343 4085 1346 4096; x_wconf 91' lang='grc'><strong>“</strong></span> 
     </span>
    </p>
   </div>
   <div class='ocr_carea' id='block_1_10' title="bbox 46 4163 1128 4500">
    <p class='ocr_par' dir='ltr' id='par_1_11' title="bbox 46 4163 1128 4500">
     <span class='ocr_line' id='line_1_44' title="bbox 47 4163 1127 4255; baseline 0.006 -33"><span class='ocrx_word' id='word_1_396' title='bbox 47 4170 220 4255; x_wconf 81' lang='grc' dir='ltr'><strong><em>τοιαθησαν</em></strong></span> <span class='ocrx_word' id='word_1_397' title='bbox 234 4167 259 4238; x_wconf 80' lang='grc' dir='ltr'>ἒ.</span> <span class='ocrx_word' id='word_1_398' title='bbox 272 4195 300 4236; x_wconf 91' lang='grc' dir='ltr'>τ.</span> <span class='ocrx_word' id='word_1_399' title='bbox 318 4173 347 4243; x_wconf 81' lang='grc' dir='ltr'>δ.</span> <span class='ocrx_word' id='word_1_400' title='bbox 371 4166 402 4236; x_wconf 84' lang='grc' dir='ltr'>ἆ.</span> <span class='ocrx_word' id='word_1_401' title='bbox 426 4193 500 4237; x_wconf 86' lang='lat' dir='ltr'>cunr</span> <span class='ocrx_word' id='word_1_402' title='bbox 520 4192 552 4240; x_wconf 85' lang='grc' dir='ltr'>ν.</span> <span class='ocrx_word' id='word_1_403' title='bbox 564 4169 622 4238; x_wconf 86' lang='grc'>22.</span> <span class='ocrx_word' id='word_1_404' title='bbox 644 4169 854 4236; x_wconf 81' lang='lat' dir='ltr'>cohaereant.</span> <span class='ocrx_word' id='word_1_405' title='bbox 901 4163 1022 4251; x_wconf 91' lang='lat' dir='ltr'>Neque</span> <span class='ocrx_word' id='word_1_406' title='bbox 1042 4164 1127 4229; x_wconf 88' lang='lat' dir='ltr'>mul·</span> 
     </span>
     <span class='ocr_line' id='line_1_45' title="bbox 46 4249 1128 4344; baseline 0.006 -38"><span class='ocrx_word' id='word_1_407' title='bbox 46 4249 269 4338; x_wconf 76' lang='lat' dir='ltr'>numereris,</span> <span class='ocrx_word' id='word_1_408' title='bbox 300 4256 434 4324; x_wconf 72' lang='lat' dir='ltr'>sthene</span> <span class='ocrx_word' id='word_1_409' title='bbox 446 4257 581 4323; x_wconf 80' lang='lat' dir='ltr'>Erosmi</span> <span class='ocrx_word' id='word_1_410' title='bbox 599 4251 869 4344; x_wconf 79' lang='lat' dir='ltr'>interpretationi</span> <span class='ocrx_word' id='word_1_411' title='bbox 889 4249 1128 4325; x_wconf 87' lang='lat' dir='ltr'>eorre&#39;etionem</span> 
     </span>
     <span class='ocr_line' id='line_1_46' title="bbox 46 4328 1128 4432; baseline -0.004 -31"><span class='ocrx_word' id='word_1_412' title='bbox 46 4328 200 4422; x_wconf 65' lang='lat' dir='ltr'>aemon,</span> <span class='ocrx_word' id='word_1_413' title='bbox 225 4348 261 4406; x_wconf 89' lang='lat' dir='ltr'>nt</span> <span class='ocrx_word' id='word_1_414' title='bbox 273 4343 438 4432; x_wconf 78' lang='lat' dir='ltr'>explices:</span> <span class='ocrx_word' id='word_1_415' title='bbox 459 4341 550 4410; x_wconf 68' lang='lat' dir='ltr'>trun</span> <span class='ocrx_word' id='word_1_416' title='bbox 562 4335 1128 4428; x_wconf 76' lang='lat' dir='ltr'>fectinmtimeuiseoqitetio·</span> 
     </span>
     <span class='ocr_line' id='line_1_47' title="bbox 70 4417 791 4500; baseline 0.007 -24"><span class='ocrx_word' id='word_1_417' title='bbox 70 4417 200 4478; x_wconf 62' lang='lat' dir='ltr'>Fretum:</span> <span class='ocrx_word' id='word_1_418' title='bbox 212 4423 262 4500; x_wconf 82' lang='lat' dir='ltr'>Ep.</span> <span class='ocrx_word' id='word_1_419' title='bbox 274 4427 317 4482; x_wconf 76' lang='lat' dir='ltr'>sd.</span> <span class='ocrx_word' id='word_1_420' title='bbox 330 4425 413 4484; x_wconf 79' lang='lat' dir='ltr'>Rom.</span> <span class='ocrx_word' id='word_1_421' title='bbox 761 4419 791 4487; x_wconf 78' lang='lat' dir='ltr'>E</span> 
     </span>
    </p>
   </div>
   <div class='ocr_carea' id='block_1_11' title="bbox 0 0 1400 5046">
    <p class='ocr_par' dir='ltr' id='par_1_12' title="bbox 0 0 1400 5046">
     <span class='ocr_line' id='line_1_48' title="bbox 0 0 1400 5046; baseline 0 1"><span class='ocrx_word' id='word_1_422' title='bbox 0 0 1400 5046; x_wconf 95' lang='lat' dir='ltr'> </span> 
     </span>
    </p>
   </div>
  </div>
 </body>
</html>
